1700 2819
114 68 152 104 n
183 68 209 103 r.
250 47 724 102 TRAPEziT.
767 45 1138 103 Foeuonss.
1197 67 1309 118 751

41 128 288 187 elabetur
322 129 479 186 alteri
513 127 681 184 dandi
715 129 783 184 ad
819 124 1066 184 mensem
1098 127 1188 186 vel
1220 152 1318 186 an.-

41 234 178 269 num
202 234 354 291 aeque
373 210 523 268 bona
542 211 855 267 coditione.
930 219 1114 287 Ouam
1151 209 1190 269 fi
1212 235 1314 269 oc-

38 293 318 353 cafionem
334 295 508 352 hodie
530 299 705 352 amitt
709 315 782 349 un
804 331 822 355 ‚
851 290 970 351 fieri
988 299 1202 375 poterit
1220 312 1322 354 ut*

46 384 107 435 in
127 398 254 437 toto
272 401 419 436 anno
443 379 564 434 talis
586 399 702 434 non
723 376 874 439 mihi
884 395 1203 435 occur-rat*
1219 386 1325 436 tlta

50 484 255 542 magna
272 460 362 543 spe
388 463 638 518 excidam
676 459 821 516 bene
859 461 1108 518 locandae
1143 482 1318 543 pecu—

46 550 175 606 niae,
204 569 325 625 quae
349 546 487 602 mihi
509 550 652 601 iners
705 564 767 601 ro
815 562 960 603 terea
995 551 1053 601 in
1078 563 1320 604 totum„f

47 627 476 687 annumiacebit
499 645 734 709 propter
771 645 932 684 unlus
965 622 1195 686 Hieculae
1227 628 1316 686 lu-

47 733 278 770 crum.
339 712 614 800 Exemplo
637 712 694 766 id
714 710 942 790 planum
964 709 1075 769 fiat·
1122 715 1317 769 Hodie

46 795 77 853 Ξι
101 814 154 851 te
177 813 459 851 mutuatus
481 792 597 850 sum
625 811 903 850 tiecentos
923 792 1193 856 florenos,
1215 812 1316 853 ut*

48 880 299 937 crastino
313 879 403 934 die
426 899 519 934 eos
547 876 651 933 tibi
684 878 909 933 reddam
934 877 1307 941 eademhora,

50 983 181 1018 cum
203 967 364 1017 unius
384 960 586 1018 floreni
604 977 927 1039 augmento.
953 959 1319 1019 Leviffimum

54 1044 168 1101 hoc
198 1043 379 1100 foenus
415 1046 481 1101 ad
505 1045 655 1099 diem
678 1083 693 1103 ‚
722 1045 788 1099 ad
829 1065 1036 1100 annum
1067 1044 1317 1125 gravissv

53 1150 230 1184 mum.
253 1132 403 1186 Nam
427 1126 462 1183 si
485 1128 550 1183 ad
571 1148 812 1182 annuum
833 1145 1050 1207 tempus
1084 1126 1319 1184 referre-

54 1227 144 1268 tur
160 1210 278 1268 haec
297 1208 452 1268 usura
470 1247 486 1269 ,
512 1216 567 1265 in
588 1228 814 1265 centum
836 1208 1084 1267 florenos
1127 1208 1319 1273 sortis,

55 1295 148 1351 dat
187 1313 413 1351 centurn
451 1298 508 1348 &
546 1296 825 1372 viginti&
852 1311 1024 1349 unum
1044 1314 1172 1350 cum
1210 1313 1321 1352 tre-

56 1379 240 1433 decim
274 1372 504 1433 stuffe1·is
537 1380 594 1431 &
645 1381 848 1432 triente
897 1375 1169 1433 florenos.
1229 1380 1323 1437 Ad

50 1461 289 1517 diarium
312 1458 493 1515 foenus
517 1458 686 1516 relata
715 1457 1022 1516 istiusmodi
1040 1457 1217 1522 usura,
1259 1482 1323 1520 ut

58 1544 193 1603 dixi,
210 1539 480 1600 leviffima
501 1542 583 1597 est.
632 1545 782 1600 Nam
798 1547 1011 1621 antiqui
1036 1547 1319 1603 Hemero-

59 1628 277 1683 danistae
296 1626 466 1705 longe
491 1623 790 1704 ampliores
825 1624 1202 1705 accipiebant,
1221 1646 1324 1687 tit-⁴

65 1714 385 1766 notavimus
419 1714 477 1763 in
503 1706 650 1764 libio
669 1708 738 1764 de
757 1710 940 1766 Modo
960 1707 1317 1771 usurarum-,-

62 1794 250 1850 Potest
279 1809 465 1849 autem
503 1788 654 1852 fieri,
679 1809 891 1848 munus
924 1798 934 1807 '
1151 1817 1321 1869 >vUnus,

62 1897 234 1954 quem
254 1897 287 1930 u
315 1896 422 1931 urx
438 1880 669 1931 nomine
686 1896 788 1955 pro
808 1868 1071 1934 trecentis
1089 1882 1146 1945 in
1169 1881 1319 1944 diem

65 1980 238 2016 unum
260 1956 478 2025 [31:119OE
507 1955 620 2025 mm
566 1964 735 2039 mptis
757 1959 884 2015 dedi
907 1998 921 2033 ζ
945 1960 1089 2026 mihi,
1102 1961 1323 2026 lucmm

66 2060 329 2122 apportet
390 2042 469 2096 lus
538 2063 662 2099 uam
688 2061 914 2100 centum
949 2041 1318 2102 florenorum.

70 2129 217 2182 Ecce
238 2132 412 2184 enim,
437 2144 562 2179 cum
585 2109 635 2182 ie
654 2123 873 2183 occafio
907 2124 1159 2189 offerret,
1184 2125 1327 2184 bene

67 2209 292 2266 emendi
325 2207 415 2263 vel
435 2204 595 2267 fundi
620 2208 873 2274 alicuius,
894 2210 983 2267 vel
1005 2215 1231 2271 mercis,
1257 2231 1322 2266 ex

70 2290 275 2370 quibus
317 2312 548 2370 magnus
598 2294 665 2350 ad
694 2314 785 2350 me
827 2293 1099 2351 rediturus
1132 2291 1326 2351 forct··'

70 2374 301 2452 quaestus
321 2411 337 2434 ‚
362 2395 463 2429 nec
486 2393 776 2454 argentum
796 2378 863 2433 ad
881 2397 1107 2433 manum
1128 2375 1322 2439 estet&

72 2458 291 2514 additus
325 2458 391 2514 ad
421 2455 623 2515 sortem
660 2477 1041 2516 trecentorum
1068 2457 1323 2518 floreno·-

1203 2563 1325 2598 rum
