1700 2819
120 81 219 123 οε
276 64 741 120 TRAPszT·
789 63 1159 122 Foenonr.
1225 67 1332 137 623

74 141 165 204 sed
185 147 339 203 dives
368 140 702 204 dicendumst
717 163 845 200 cum
865 145 1125 202 mendico
1149 142 1343 202 confe-

75 247 285 288 ratur„
314 232 429 286 Hic
447 225 591 283 nihil
613 223 800 287 habet,
824 226 923 284 ille
941 227 1173 306 aliquid·
1226 235 1343 287 1114,

75 311 228 370 diem
249 315 392 369 vivit
416 311 730 371 mendicus,
761 314 819 366 ὃς
839 307 907 367 ab
940 310 1121 369 aliena
1138 312 1346 393 pendet

76 395 305 475 quadra,
335 396 618 474 operarius
641 396 699 448 &
718 390 915 451 artifex
938 395 1008 451 de
1030 390 1126 451 suo
1146 398 1344 476 vivrmt

77 478 234 557 quod
253 498 516 535 manuum
538 473 728 532 labore
749 474 1058 555 quaefierint
1073 515 1090 539 ‚
1120 483 1178 534 δε
1196 483 1343 535 inte-

78 565 185 619 rim
204 560 418 639 aliquid
442 563 608 616 etiam
626 560 962 623 recondunt,
1008 581 1124 639 quo
1148 561 1216 618 ad
1246 582 1341 618 ca-

77 640 164 702 sus
182 647 504 724 inopinatos
527 646 609 699 uti
634 659 900 720 queant-⁶.
949 643 1067 715 sect
1091 665 1345 724 pauper„

80 730 248 784 eriam
279 727 353 783 est
367 729 551 784 omnis
573 729 668 801 qui
688 742 942 782 mutuum
963 729 1128 805 petit,
1160 725 1343 810 respe-

0 858 1 867 ,
84 807 391 869 ἑὲιιῦὶίιιεὲ
417 829 531 888 quo
553 812 714 888 petit,
742 811 802 863 &
829 810 888 864 in
921 807 1025 866 illo
1062 814 1344 891 praecipue

82 909 338 974 tempore
374 912 488 970 quo
511 893 669 971 petit.
725 893 915 947 Nemo
944 894 1093 948 enim
1127 909 1343 951 mutua-

88 992 177 1033 tur
195 972 523 1054 aliquidnifi
538 977 636 1051 qui
660 994 726 1029 eo
768 972 1076 1051 indigeat-⁹.
1140 972 1249 1033 Etfi
1279 977 1349 1033 ad

83 1056 302 1116 lucrum
319 1056 651 1136 idpostulat,
679 1075 746 1111 eo
768 1058 828 1110 &
846 1052 967 1135 ipso
990 1072 1177 1113 tamen
1195 1058 1344 1115 indi-

84 1144 311 1221 gentior
346 1142 419 1197 est
456 1161 516 1197 ac
542 1141 837 1219 pauperior
871 1136 976 1194 illo
994 1139 1138 1195 unde
1155 1141 1345 1219 postu«-

82 1224 182 1281 lat.
240 1225 391 1282 Nam
410 1221 501 1279 hic
523 1218 688 1277 habet
706 1224 803 1298 qui
829 1219 943 1280 dat,
969 1221 1066 1278 ille
1102 1243 1217 1278 non
1248 1221 1347 1280 ha-

89 1303 182 1362 bet
205 1307 301 1382 qui
326 1310 482 1386 petit.
525 1306 665 1360 Non
697 1319 857 1360 muto
888 1306 1062 1383 igitur
1082 1305 1239 1383 quod
1256 1307 1345 1361 di·-

87 1408 269 1444 xeram
288 1391 346 1444 in
365 1384 766 1465 disceptatione
783 1407 913 1442 cum
938 1407 1143 1467 magno
1180 1385 1347 1445 Iuris·-

85 1467 348 1527 consulto
399 1474 458 1526 in
495 1465 752 1526 familiari
798 1467 1094 1546 colloquio
1132 1468 1344 1534 habita,

90 1547 1346 1634 nemimmmiruuuafiameneme-pwper-

88 1652 279 1705 πατέω,
302 1632 491 1692 saltem
512 1639 973 1713 temporariam-,-
996 1638 1053 1697 Si
1090 1633 1335 1712 haberet,

90 1739 202 1775 uon
223 1715 290 1775 ab
322 1714 434 1774 alio
456 1733 780 1795 quaerereff.
853 1720 984 1774 Hoc
1008 1714 1208 1798 ipsum2
1233 1742 1348 1776 non

91 1798 312 1861 habere,
340 1800 432 1860 est,
482 1822 545 1857 au
591 1820 735 1855 erem
761 1794 862 1856 esse
883 1804 998 1855 eius
1019 1805 1095 1856 rei
1174 1823 1347 1860 uam-2

90 1881 157 1939 ab
177 1882 288 1941 alio
310 1877 596 1948 defident-
658 1885 724 1938 Et
743 1880 844 1940 hac
863 1886 920 1938 in
935 1903 990 1939 re
1010 1881 1107 1940 ille
1141 1884 1350 1943 ditiore

90 1966 165 2022 est
182 1966 212 2022 ὲ
231 1985 344 2044 quo
367 1984 428 2021 ea
443 1985 524 2020 res
550 1960 794 2044 poscitur
815 2003 832 2026 ,
857 1969 1066 2042 quique
1083 1987 1204 2023 eam
1239 1989 1343 2047 po-

89 2043 261 2105 scenti
277 2047 455 2126 potest
483 2047 681 2112 dare).
742 2049 801 2104 Si
821 2052 995 2127 igitur
1030 2053 1089 2105 in
1107 2048 1348 2127 aliquam

91 2128 466 2188 neceffitatem
500 2147 590 2187 aut
611 2127 978 2187 calamitatem
1018 2131 1169 2188 dives
1202 2136 1349 2189 inci«

93 2212 336 2274 derit‚eo
358 2209 480 2291 ipso
497 2216 727 2291 pauperi
747 2209 935 2270 fimilis
953 2215 1351 2293 evadit.Atque

94 2311 154 2353 ut
180 2295 276 2351 ille
293 2292 539 2374 pluribus
563 2315 702 2374 opus
724 2292 892 2352 habet
919 2312 978 2351 ut
996 2295 1268 2354 relevetur
1289 2316 1352 2352 ex

95 2374 239 2438 casu,
258 2382 333 2433 ita
352 2378 447 2434 iste
470 2376 847 2456 paucioribus.
901 2379 1077 2434 Parvo
1093 2399 1350 2434 momen-

97 2476 158 2522 to
179 2456 488 2517 sublevatur
507 2480 714 2539 pauper
733 2465 792 2516 Sc
810 2463 1065 2539 erigitur,
1088 2477 1142 2516 at
1160 2461 1349 2525 diviti,

1296 2560 1357 2596 ur
