1700 2819
381 57 493 126 650
664 52 792 107 CL.
862 51 1298 106 SALMAsxl

374 140 471 214 qui
488 132 636 213 pilos
659 135 873 208 equinae
899 130 1082 187 caudae
1098 125 1338 186 vellebat
1345 129 1437 189 ,ad
1453 151 1627 188 eun„

379 220 664 275 veniamus
686 217 841 269 cuius
878 210 1164 268 facultates
1197 231 1391 267 omnes
1427 216 1628 290 viginti

379 302 632 375 quinque
666 311 882 352 tantum
913 314 1208 351 aureorum
1244 289 1455 350 summa
1493 315 1626 351 cen-

372 377 643 436 seantum.
692 380 807 433 Hic
834 373 945 432 fine
965 374 1140 433 dubio
1168 396 1381 457 pauper
1412 380 1540 463 egit,
1563 382 1624 444 ὃς

373 460 550 518 altero
571 459 797 539 quidem
820 474 975 515 tanto
994 464 1295 538 pauperior
1328 480 1496 537 quam
1528 455 1630 518 ille

371 542 627 622 locuples
641 544 1045 621 quinquaginta
1063 561 1258 599 aureos
1275 545 1335 597 in
1351 539 1623 606 censum-0

367 624 639 683 deferens.
672 622 865 681 Multo
888 645 1024 704 ergo
1043 628 1225 681 minus
1243 622 1463 681 licitum
1486 628 1617 690 etit,

369 707 503 765 huic
529 711 758 787 pauperi
779 704 1041 764 foenerati
1066 729 1232 785 quam
1251 705 1335 763 illi
1366 705 1627 787 locuple-

368 795 411 848 ti
442 811 610 868 quem
648 790 887 846 dimidio
924 789 1228 869 ampliores
1274 810 1410 870 opes
1485 786 1624 846 clas-

368 870 538 932 ficum
577 870 790 929 faciunt
823 876 881 928 ὃς
914 872 1205 932 idoneum.
1276 872 1388 930 Sed
1414 874 1552 949 quid
1585 869 1626 927 fi

370 957 467 1013 iste
483 959 684 1036 viginti
712 959 958 1033 quinque
985 975 1279 1013 aureotum
1322 952 1625 1032 pofl'effon..

368 1043 619 1117 quinque
637 1054 848 1095 tantum
882 1041 1056 1094 aureis
1094 1058 1235 1117 opus
1263 1034 1462 1094 habeat
1496 1057 1623 1095 muz-

366 1126 499 1181 tui32
522 1142 625 1177 nec
649 1121 811 1177 alitet
829 1140 923 1175 eos
945 1123 1184 1198 reperiat
1200 1117 1300 1176 nifi
1321 1122 1479 1199 patsta
1493 1116 1617 1176 usu-

364 1213 443 1260 ra?
469 1205 559 1260 An
573 1202 685 1259 hoc
705 1203 791 1260 illi
810 1203 1119 1259 temedium
1135 1201 1380 1283 egestatis
1399 1200 1621 1280 quaillo

368 1291 637 1365 temporis
658 1284 895 1345 articulo
918 1302 1146 1363 urgetur
1166 1283 1505 1364 depellendae
1528 1284 1622 1340 der

365 1366 713 1447 negabimus,
740 1366 778 1427 fi
800 1388 955 1446 aeque
986 1368 1126 1424 bene
1147 1365 1286 1424 hanc
1309 1364 1621 1424 summam-2

367 1451 456 1508 vel
480 1473 608 1507 cum
629 1448 801 1509 usuris
821 1451 1049 1506 reddere
1067 1447 1384 1528 poffit,atq·,
1407 1447 1503 1506 ille
1523 1447 1615 1506 lo-

366 1533 555 1611 cuples
576 1538 978 1613 quinquaginta
994 1551 1292 1588 aureorum
1329 1533 1616 1592 dominus,

366 1612 557 1672 fivelit
575 1621 813 1673 mutuati
837 1613 931 1672 sub
969 1611 1125 1673 usura
1158 1615 1353 1671 decem
1395 1624 1615 1672 aureos?

365 1698 456 1755 Ad
475 1696 772 1756 inferiores
792 1703 959 1755 etiarn
984 1693 1173 1753 census
1191 1700 1270 1753 ita
1304 1697 1616 1776 proceden-

361 1777 437 1834 do
459 1781 691 1858 perduci
724 1785 1060 1860 poterimus,
1087 1796 1250 1856 atque
1286 1784 1450 1836 etiam
1485 1775 1616 1835 infi-

360 1880 509 1920 mos,
543 1863 840 1938 qualisille
857 1863 1293 1943 Proletariorum
1333 1866 1392 1917 &
1435 1865 1623 1941 capite

358 1938 593 1999 censoru
626 1947 671 2002 A
682 1944 973 2023 gellii2‘qui
997 1962 1102 2000 tres
1123 1963 1316 2003 aureos
1335 1960 1424 2001 aut
1444 1963 1615 1998 unum

359 2022 706 2102 alterumque
726 2024 965 2083 incensu
985 2024 1321 2093 habebant-“-
1357 2027 1483 2083 Nec
1512 2024 1612 2081 ali·

359 2106 541 2175 tetflde
584 2106 668 2162 his
721 2109 1018 2169 dicendum
1079 2107 1333 2186 quamde
1378 2107 1482 2166 illo
1519 2110 1618 2185 qui

360 2191 770 2268 quinquaginta
785 2189 1036 2245 censetur
1054 2195 1227 2248 aureis
1234 2239 1246 2263 5
1267 2185 1304 2245 fi
1320 2185 1614 2268 unusquis-

359 2289 470 2344 que
496 2269 728 2331 illotum
761 2291 864 2348 pro
895 2270 1105 2328 vitibus
1157 2293 1217 2329 ac
1259 2270 1512 2332 modulo
1537 2267 1617 2338 sui

354 2348 543 2406 census
570 2369 826 2408 mutuum
837 2371 1028 2430 petere
1048 2357 1283 2431 cogitet.
1331 2351 1615 2430 Alioquin

356 2449 566 2508 aegroto
588 2431 776 2489 cibum
816 2434 1056 2493 dandum
1078 2434 1180 2496 effe
1212 2432 1414 2510 aliquis
1446 2454 1616 2514 nega-

1528 2531 1612 2572 set
