1700 2819
135 82 231 122 DE
283 63 751 119 TnApnzx-r.
797 59 1174 116 FoeNoRE.
1223 80 1334 134 727

74 142 184 206 fine
201 148 439 226 pignore
465 159 744 200 mutuum.
781 142 893 199 Sed
909 164 1013 199 nec
1029 164 1155 200 mos
1175 147 1331 203 Grae-

69 234 150 286 cis
169 226 297 292 fuit,
326 229 770 306 cuiquaminopi
790 226 918 282 dare
952 245 1212 284 mutuum
1233 266 1253 289 ,
1278 226 1360 286 idf'

70 307 542 388 estAowc-t‘gemnifi
563 313 641 368 ἐπ’
657 305 896 389 ἐνεχύρῳ.
954 312 1015 367 Si
1040 329 1338 392 acceptum

75 417 138 453 ex
154 399 670 453 conventionenon
694 390 823 450 ess'et
841 431 862 454 ‚
895 387 1033 474 saepe
1058 400 1182 478 capi
1200 417 1338 476 per...

70 487 189 539 vim
209 475 442 540 solebat,
467 475 704 535 celsante
721 481 780 536 in
817 473 1096 537 solutione
1115 477 1342 542 debitoss

65 562 272 622 re.Sed
295 566 535 618 omnino
556 560 756 618 melius
779 556 908 622 fuit,
931 562 991 619 id
1009 567 1243 645 exprim-i
1276 567 1337 622 in

68 643 417 709 verfionibus
451 666 515 701 ex
562 642 807 702 Hebraeo
832 646 1122 708 traducitis,
1154 669 1333 707 cum-⁴·

73 728 377 791 Hebraeum
396 726 739 787 vocabulum
762 750 882 786 eam
906 733 1018 787 vim
1052 730 1215 811 plane
1234 729 1333 789 ha-

73 813 218 873 beat.
232 818 371 873 Haec
392 834 519 870 cum
538 816 616 869 ita
632 809 757 872 fint,
780 810 933 869 nulla
949 814 1023 870 est
1038 820 1203 877 ratio,
1237 835 1337 872 cur

74 897 249 961 hodie
301 894 666 978 prohibeatur
700 894 1050 955 Christianus
1088 899 1118 955 ὲ
1156 897 1337 957 Chri-

72 983 246 1044 stiano
268 986 470 1061 pignus
505 985 756 1060 accipere
772 1016 791 1039 ,
845 984 1011 1037 ctiam
1047 980 1122 1038 ob
1157 987 1334 1041 mutui

71 1062 342 1122 foenebris
364 1062 534 1121 securi
544 1080 779 1121 tatem-2·
813 1066 1003 1122 Licuit
1020 1066 1218 1122 Iudaeis
1239 1087 1333 1123 ac·

73 1154 262 1230 cipere
275 1153 513 1228 pignora
532 1147 561 1204 ἒι
585 1147 848 1203 mendico
868 1143 1052 1212 fratre,
1074 1151 1131 1206 id
1165 1151 1254 1211 est,
1268 1149 1335 1212 ad

70 1250 374 1291 extremam
392 1247 773 1309 paupertatem
792 1230 1040 1292 sedacio,
1063 1236 1122 1287 in
1138 1251 1337 1306 mutuo

73 1320 318 1398 gratuito
353 1314 438 1369 illi
460 1313 664 1370 dando.
733 1315 884 1396 Ergo
920 1320 978 1370 &
1005 1320 1066 1371 in
1098 1313 1339 1374 foenebri

74 1398 407 1457 Christianis
454 1397 778 1477 accipienda
812 1394 1016 1454 debent
1049 1405 1327 1478 permitti,

74 1487 207 1560 quia
221 1484 392 1537 vetita
409 1476 565 1536 usura
585 1481 770 1538 Iudaeo
790 1502 908 1537 non
927 1502 1023 1538 eos
1049 1480 1328 1565 obligar.

77 1565 264 1639 Qidzi
283 1563 553 1643 leguleius
575 1583 752 1643 nuper
787 1559 999 1645 scripto,
1033 1573 1335 1646 nugatorio

74 1648 230 1727 quod
246 1647 446 1702 incidit
461 1650 518 1702 in
538 1667 730 1703 manus
748 1667 895 1704 meas
909 1648 980 1707 esi
994 1646 1096 1718 hec
1116 1671 1173 1705 ex
1183 1650 1337 1708 arari}

75 1726 580 1791 contendit‚usuras
597 1727 699 1786 esse
715 1729 940 1788 illicitas
956 1735 1074 1788 iure
1109 1750 1334 1792 natura-

74 1814 144 1871 li.
181 1813 334 1888 Qid
351 1817 448 1873 ita?
490 1817 638 1886 Qia
658 1811 914 1872 Hebraeis
933 1819 1132 1872 vetitas
1154 1815 1337 1874 voluit

77 1901 250 1965 Deus.
265 1899 342 1952 At
359 1895 542 1953 voluit
558 1895 737 1953 licitas
755 1917 882 1952 cum
901 1896 1022 1955 aliis
1045 1898 1327 1978 gentibus.

79 1984 183 2043 N6
204 1993 337 2059 crgo
355 1984 475 2036 iure
496 1979 730 2040 naturali
750 1978 964 2038 illic'itae
986 2021 998 2034 .
1024 1984 1165 2039 Non
1187 1987 1336 2041 enim

78 2084 198 2121 rem
215 2061 472 2121 illicitam
493 2067 609 2120 iure
635 2063 865 2122 naturali
885 2063 1210 2145 permififfet
1226 2088 1335 2151 po-

74 2146 212 2225 pulo
233 2145 351 2207 suo,
372 2167 500 2202 cum
536 2152 743 2204 caeteris
781 2147 1042 2207 omnibus
1074 2170 1335 2206 exercen-

77 2228 227 2285 dam.
304 2232 443 2287 Non
472 2227 719 2308 permifit
755 2226 1020 2290 Israfflitis
1064 2231 1342 2292 moechari

77 2331 208 2371 cum
230 2315 519 2374 extraneis,
542 2309 734 2370 falsum
756 2315 1133 2374 testimonium
1153 2316 1340 2373 dicere

45 2439 55 2445 .
77 2399 136 2452 in
156 2414 446 2451 extrancos
469 2433 488 2458 ,
541 2397 849 2478 compilare
870 2417 1195 2462 extraneos.‚
1237 2420 1339 2456 nec

81 2477 187 2541 alia
205 2482 441 2538 crimina
459 2480 748 2540 admittere
781 2502 901 2558 quae
927 2502 1124 2543 contra
1157 2484 1346 2563 legem

748 2567 795 2622 Z
818 2586 848 2621 z
891 2585 929 2634 4
1216 2587 1344 2626 mo-
