1700 2819
135 76 227 114 DE
271 59 738 115 TRAPszr.
788 55 1164 109 FoeNoRE.
1204 71 1320 126 217

52 141 186 197 dum
203 139 294 198 est.
348 141 493 198 Non
523 136 703 220 potest
731 142 920 216 itaque
953 134 1042 193 lex
1070 134 1252 195 civilis
1285 138 1314 193 ὲ

51 225 367 304 magistratu
401 220 725 282 Christiano
762 219 1149 277 constituenda
1182 257 1203 282 ‚
1255 242 1314 278 ea

55 323 384 389 temperare,
399 312 458 362 δε
480 327 608 363 cum
630 301 1060 361 modificatione
1076 307 1313 385 permit-

57 408 171 448 tere
190 411 310 472 quae
328 390 414 447 lex
447 389 637 447 divina
671 388 902 444 moralis
933 383 1310 468 prohibuerit.

54 473 183 533 Nec
201 470 475 555 respectus
498 471 795 530 hominum
825 470 1202 552 improbitatis
1222 472 1317 528 de-

57 554 151 614 bet
167 579 293 617 eum
311 558 534 638 adigere
556 594 575 617 ‚
596 575 657 613 ut
687 553 739 612 se
754 554 959 612 relaxet
972 555 1041 612 ad
1073 576 1315 613 eorum-1

55 632 464 724 indulgentiam
499 661 623 719 quae
673 637 1009 720 impermiffa
1037 637 1322 696 voluerit-⁹

61 729 194 781 iuris
245 726 423 783 divini
469 722 660 805 regula
698 765 709 775 .
783 723 956 797 Qod
1000 722 1067 778 de
1102 719 1318 788 Mose-2

69 811 354 865 Dominus
379 809 540 870 dixit,
576 805 654 863 ob
677 807 890 863 duricizi
910 805 1093 862 cordis
1106 811 1321 886 permi-
1397 839 1403 845 »

61 889 158 957 fiff
148 914 175 948 e
198 891 395 948 Iudaeis
413 888 631 970 repudii
662 893 1130 948 renuntiationem
1148 926 1168 949 ,
1190 910 1321 945 cum

64 974 94 1031 ὲ
110 979 396 1055 principio
415 993 533 1030 non
553 969 733 1030 fuiffet
750 971 820 1030 sic
841 1012 860 1036 ,
884 973 1021 1030 alius
1061 973 1134 1030 est
1151 994 1323 1052 gene-

65 1062 162 1121 τίς,
185 1077 286 1114 nec
303 1055 488 1116 hilum
507 1056 616 1114 huc
640 1054 794 1113 facit.
847 1062 1002 1114 Deus
1036 1061 1095 1113 in
1132 1077 1322 1114 crean-

65 1142 140 1197 do
175 1139 413 1198 homine
458 1161 521 1196 ex
551 1139 674 1219 lege
722 1146 1021 1198 creationis
1064 1140 1318 1197 ostende-

65 1242 170 1285 rat,
198 1229 357 1282 unius
393 1228 581 1279 uxoris
617 1229 796 1281 virum
831 1247 959 1281 eum
978 1221 1080 1280 eise
1105 1219 1316 1303 semper

69 1326 355 1389 oportere,
390 1329 510 1385 qux
543 1307 830 1364 individua
854 1306 1060 1386 copula
1091 1303 1192 1385 ipsi
1225 1308 1321 1364 ad-

70 1389 409 1449 haeresceret.
464 1391 654 1448 Postea
671 1390 762 1447 ide
782 1394 939 1447 Deus
958 1410 1060 1469 per
1073 1385 1320 1450 Mosem,

68 1472 350 1556 perspecta
378 1476 588 1531 duricie
619 1475 804 1530 cordis
838 1474 1155 1530 Iudaeorum
1176 1510 1195 1534 ,
1237 1474 1323 1529 ‹fi-

69 1564 474 1616 vortiuminter
493 1562 675 1614 virum
710 1562 768 1613 δε
791 1577 1020 1614 uxorem
1050 1554 1320 1636 permisit.

75 1644 249 1718 Qod
268 1665 334 1699 eo
365 1641 583 1701 facilius
603 1644 809 1720 potuit,
835 1646 1090 1718 quiaiam
1112 1658 1317 1707 amq-2,

74 1731 240 1784 etiam
275 1720 715 1783 patriarcharum
735 1746 854 1781 aevo
876 1762 893 1785 ,
933 1729 993 1781 &
1015 1728 1158 1780 inter
1175 1721 1330 1804 ipsos

71 1807 389 1891 polygamia
427 1808 605 1865 fuerat
636 1804 849 1864 usitata.
923 1811 1059 1864 Eam
1093 1825 1327 1866 autem

69 1912 281 1951 certum
304 1894 377 1950 est
392 1914 507 1949 non
526 1896 708 1948 minus
725 1889 826 1948 ess'e
845 1894 1182 1949 contrariam
1198 1912 1328 1947 mo-

72 1982 351 2058 nogamiae
373 1981 431 2034 in
455 1981 736 2034 creatione
762 1977 922 2032 unius
944 1978 1048 2030 viri
1072 1996 1203 2031 cum
1221 1997 1328 2034 una

72 2062 306 2119 muliere
327 2057 738 2138 sancitae2quam
754 2058 1069 2138 repudium.
1119 2063 1329 2117 Dicere

71 2151 239 2218 etiam
261 2143 426 2201 liceat
445 2147 640 2223 magis.
691 2145 843 2203 Nam
871 2162 970 2221 per
1007 2143 1329 2221 repudium,¹

71 2247 132 2288 ut
151 2247 308 2287 antea
330 2225 672 2295 dicebamus,
695 2228 977 2283 inducitur
1011 2224 1336 2307 polygamia

79 2307 374 2371 successiva
392 2349 409 2372 ,
460 2333 580 2391 quae
600 2310 744 2389 apud
762 2329 958 2367 omnes
980 2326 1170 2387 gentes
1193 2308 1334 2369 bene

77 2414 319 2454 moratas
355 2393 566 2475 semper
597 2390 709 2453 visa
744 2394 815 2451 est
852 2390 1203 2450 tolerabilior
1222 2398 1336 2472 qui

75 2479 436 2545 cumulatim.
465 2474 711 2537 Tametsi
749 2479 978 2556 quidam
999 2495 1194 2535 contra
1211 2474 1334 2535 sen*

660 2564 714 2618 Ο
780 2580 800 2628 ς
1170 2565 1329 2626 tiam,
