1700 2819
322 74 437 132 570
661 56 1265 112 CL.SA1.MA511

316 155 438 197 rent
471 133 681 215 publici
721 156 886 215 quam
935 137 1139 215 privati
1175 128 1555 188 foeneratores,

315 225 408 278 De
427 214 665 299 publicis
681 216 792 276 hoc
812 236 944 275 vero
979 217 1305 293 liquetmon
1324 209 1564 293 potuisse

317 302 447 358 ideo
487 297 730 358 mensam
762 303 971 379 erigere
1014 297 1145 355 huic
1187 295 1561 375 negotiationi

317 381 538 464 publice
564 378 1008 443 exercendaemifi
1025 381 1351 438 auetoritate
1379 381 1558 458 magi-

319 468 502 523 stratus
528 500 548 526 ‚
569 470 699 543 quia
726 485 842 521 non
869 460 990 520 solii
1007 460 1188 518 foenus
1210 459 1557 521 exercebant,

321 546 411 604 sed
463 551 676 628 argenti
734 542 930 627 fignati
987 544 1455 603 nundinationem
1498 563 1560 600 ac

320 626 712 710 probationem
731 667 751 689 ‚
777 630 889 685 hoc
914 626 1018 690 est,
1053 620 1478 705 >gbyvpo7rg9e‘lmlai
1501 629 1562 682 δε

319 708 909 789 οιᾷιφυρογωμῖἅῖαἷ.Ηςε
931 711 1043 768 duo
1060 710 1348 767 ministerii
1362 728 1424 765 ac
1441 727 1563 763 mii-.-

316 798 461 850 neris
479 791 689 872 publici
709 791 859 851 fuere
877 790 1087 853 officia,
1122 812 1242 870 quae
1260 793 1472 850 nemini
1490 788 1563 846 li-

321 894 432 936 cet>
458 897 637 952 neque
656 876 817 934 licuit
835 871 1328 955 unquimsurpare,
1351 870 1451 930 nifi
1465 877 1564 950 qui

324 958 445 1014 talis
469 954 642 1014 officii
667 957 921 1016 exerce‘di
941 954 1211 1038 potestate
1233 956 1263 1013 ὲ
1289 955 1569 1034 magistra-

322 1056 381 1097 tu
397 1037 609 1098 summo
633 1041 723 1098 vel
737 1045 994 1122 principe
1021 1044 1322 1121 acceperit.
1371 1036 1569 1095 Tertii]

322 1122 406 1179 his
428 1144 626 1180 munus
647 1123 864 1182 acceffit
919 1122 1115 1182 ublicae
1134 1141 1361 1201 quoque
1386 1117 1559 1176 foene—

327 1209 556 1263 rationis
581 1243 596 1265 ,
640 1229 703 1263 ex
727 1146 1036 1267 occasione,
1053 1222 1114 1262 ut
1128 1206 1278 1265 dixi,
1321 1205 1565 1284 pecuniae

326 1291 565 1366 perpetis
583 1310 641 1344 ac
662 1293 942 1368 iugis,qua
959 1285 1198 1345 mensam
1223 1282 1569 1343 indeficieter

329 1371 403 1426 do
412 1371 516 1426 tati
530 1371 594 1426 ad
612 1376 822 1445 οἰὴκοιγῖς
835 1392 1034 1428 munus
1053 1368 1160 1428 five
1175 1367 1320 1446 colly
1329 1366 1385 1426 bi
1398 1365 1566 1429 habe-

333 1472 388 1506 re
423 1449 754 1509 debebant-⁴.
777 1462 902 1529 Qa
937 1470 1120 1510 tamen
1149 1474 1267 1509 non
1308 1447 1569 1508 effestum

327 1534 398 1595 est
424 1550 485 1588 ut
500 1540 710 1591 nemini
725 1554 924 1615 praeter
944 1557 1038 1593 eos
1060 1533 1201 1592 olim
1221 1534 1442 1591 licuerit
1461 1529 1569 1588 foe-

326 1635 427 1672 nus
457 1635 704 1673 exercere
737 1622 958 1698 privato
979 1658 992 1671 .
1087 1622 1155 1675 Et
1185 1620 1363 1674 cuivis
1400 1615 1570 1673 hodie

327 1718 551 1775 quoque
580 1695 878 1758 foeneratio
889 1706 1326 1780 permitteretur,
1354 1695 1453 1755 nifi
1471 1699 1567 1754 de-

327 1785 488 1836 cretis
507 1782 772 1861 Paparum
790 1821 809 1844 ,
833 1788 893 1839 ὃ(
909 1786 968 1842 C
979 1783 1348 1839 anonistarum
1374 1782 1568 1837 Ponti-

330 1859 587 1919 ficiorum
626 1859 902 1922 sententiae
933 1886 1079 1921 nunc
1116 1865 1273 1920 staret
1312 1879 1433 1920 tota
1457 1858 1569 1918 fere
1623 1916 1626 1920 ,

334 1941 731 2002 Christianitas.
783 1949 886 2003 Per
927 1946 1056 2003 illos
1090 1967 1223 2026 ergo
1262 1943 1440 2003 foenus
1460 1942 1569 2006 ho-

333 2026 524 2082 dierno
550 2026 638 2081 die
654 2026 915 2087 illicitum
934 2027 1166 2086 habetur
1183 2031 1365 2084 Laicis
1387 2022 1569 2082 fideli-

332 2103 432 2163 bus
453 2148 466 2161 .
529 2110 831 2186 Utramque
864 2115 1047 2189 itaque
1090 2113 1322 2176 vetitam
1365 2105 1430 2166 ab
1458 2106 1571 2165 illis

331 2187 658 2249 censendum
682 2227 699 2251 ,
743 2208 852 2246 tam
874 2194 1256 2272 trapeziticam
1275 2211 1439 2269 quam
1455 2194 1571 2270 pri-

331 2286 678 2331 vatam‚.cum
722 2269 901 2329 foenus
933 2278 991 2329 in
1024 2277 1305 2353 trapezitis
1336 2263 1575 2349 antiquis

330 2350 559 2408 accesfio
587 2349 712 2409 esset
736 2353 929 2411 mensae
948 2377 1111 2432 quam
1148 2352 1490 2412 exercebant,
1513 2356 1574 2408 δε

333 2453 448 2491 non
465 2431 711 2492 differret
732 2435 762 2492 ὲ
789 2441 1006 2513 privato
1044 2433 1393 2499 foenore‚nifi
1419 2434 1575 2513 quod

1284 2534 1292 2538 ,,
1515 2533 1581 2582 §x
