1700 2819
380 75 490 128 772
665 57 792 112 Cr.
863 56 1302 109 SALMA311

380 144 462 194 nis
484 138 623 192 dixit
642 133 898 191 foenerari
916 131 1011 190 idi}
1040 133 1143 190 ell'e
1159 135 1315 214 quod
1342 132 1634 194 hominem

381 220 663 277 occidere.
719 220 960 276 Catonis
988 214 1215 274 senioris
1249 217 1360 274 hoc
1379 219 1638 278 dierum

381 301 589 358 fuit.Ut
606 306 778 380 igitur
798 299 884 356 illi
900 296 1290 379 responderem
1319 322 1382 357 ex
1401 307 1635 380 opinio-

378 406 449 442 ne
467 405 586 461 quae
606 400 737 440 tunc
771 380 989 440 valebat
1019 389 1167 439 inter
1196 387 1512 445 Romanos,
1536 408 1633 441 ne-

380 474 528 548 gavi,
560 471 736 547 magis
756 464 1048 522 homicida
1065 467 1242 523 videri
1262 471 1362 544 qui
1395 465 1635 525 homine

382 551 601 606 foenore
627 567 877 609 necaret,
903 552 1015 627 qua
1037 571 1163 605 eum
1179 553 1275 627 qui
1297 549 1464 607 manu
1482 556 1638 608 occi-

386 634 515 690 dere
535 630 584 689 se
605 631 846 694 volenti,
871 652 973 688 nec
1001 632 1222 689 audenti
1245 669 1262 692 ,
1285 633 1635 691 c6modaret.

383 714 602 774 Multos
621 736 791 795 oper-a
810 712 1096 773 servorum
1122 716 1190 771 ad
1207 713 1319 770 hoc
1337 711 1461 771 usos
1481 716 1635 783 εἷς,

382 800 615 859 constat,
639 803 736 877 qui
754 801 1051 855 maximam
1071 798 1101 854 ὲ
1123 794 1228 854 suis
1246 798 1492 853 dominis
1513 819 1638 879 gra-

387 887 520 938 tiam
538 881 649 938 hoc
671 879 820 938 fatsto
838 885 1177 941 iniverunt-⁴.
1201 879 1426 958 Aliquis
1445 882 1640 937 decre*

383 983 539 1022 verat
557 961 908 1043 semetipsum
939 960 1253 1020 interficere
1273 1001 1290 1024 ,
1317 968 1448 1040 quia
1488 965 1634 1020 iudi-

384 1046 545 1105 cabat
563 1052 800 1104 omnino
820 1044 931 1103 hoc
968 1043 1067 1103 fibi
1114 1044 1404 1102 honestum
1438 1044 1540 1102 effe
1575 1067 1637 1103 ac

388 1128 695 1211 gloriosum
742 1133 929 1209 potius
963 1150 1131 1207 quam
1165 1125 1441 1186 carnificis
1470 1150 1640 1184 manu

384 1218 641 1293 perirQ.
721 1215 834 1286 Qi
875 1210 1171 1268 adiuvaffet
1201 1249 1220 1273 ,
1257 1216 1404 1268 mori
1437 1209 1509 1266 fic
1543 1232 1640 1267 cu-

386 1300 635 1374 pientem
656 1315 717 1350 ac
756 1292 959 1351 debere
986 1291 1038 1350 se
1059 1310 1347 1373 putantem
1367 1332 1385 1358 ,
1406 1291 1493 1350 sed
1526 1314 1641 1350 11011

388 1376 511 1434 satis
531 1375 739 1433 fortem
771 1380 838 1433 ad
865 1374 1074 1433 ferrum
1106 1375 1303 1456 iugulo
1340 1378 1640 1433 demitten-

390 1461 552 1524 dum,
594 1464 758 1515 amici
779 1456 973 1515 officio
1002 1457 1224 1515 funditis
1253 1456 1637 1516 credebaturd.

394 1548 479 1599 Ita
498 1546 658 1599 Nero
684 1543 900 1597 adiutus
922 1543 993 1597 est
1018 1539 1085 1596 ab
1107 1538 1498 1620 Epaphrodito
1520 1542 1551 1597 ὲ
1567 1540 1636 1596 li-

391 1623 578 1681 bellis.
636 1628 707 1680 Et
724 1647 913 1680 nonne
932 1623 1043 1679 hoc
1065 1623 1163 1704 ipfi
1181 1620 1484 1680 consultius
1506 1620 1634 1682 fuit,

391 1725 561 1787 prout
580 1726 714 1777 tunc
725 1707 985 1763 homines
1017 1704 1411 1786 opinabantur,
1430 1722 1492 1763 ut
1509 1701 1558 1760 se
1579 1724 1643 1759 ex

389 1789 747 1847 contumeliis
796 1789 1035 1846 crudelis
1071 1811 1131 1845 ac
1168 1794 1342 1867 turpis
1383 1785 1641 1867 supplicii

392 1877 627 1953 eriperet
644 1911 661 1932 ‚
686 1893 849 1950 quam
872 1875 1088 1928 cervice
1107 1869 1272 1928 furcae
1306 1867 1504 1926 inserta
1522 1905 1539 1928 >
1576 1869 1645 1925 ad

392 1977 587 2012 necem
608 1959 777 2034 virgis
800 1955 933 2010 caedi
957 1965 973 2007 ἓ
998 1954 1149 2010 Idem
1190 1975 1320 2010 cum
1344 1957 1401 2007 in
1429 1949 1638 2007 illane-

396 2036 636 2096 ceflltate
667 2034 1040 2116 perculsorem
1081 2041 1236 2093 cuius
1300 2055 1465 2090 manu
1495 2038 1648 2113 peri-

395 2137 478 2175 ret
516 2117 800 2198 requisivit
815 2157 833 2182 ,
856 2124 1080 2175 nemine
1123 2132 1341 2197 reperto
1362 2153 1379 2178 ‚
1400 2136 1479 2169 nec
1510 2114 1642 2198 ami-

387 2204 560 2271 cumfi³
574 2203 758 2262 habere,
770 2223 846 2257 mec
861 2199 1352 2278 inimicum‚questus
1372 2199 1464 2254 est.
1561 2202 1649 2253 uia

395 2305 595 2364 nempe
612 2289 856 2340 amicum
872 2305 987 2341 11011
1006 2279 1313 2361 reperiebat
1327 2285 1424 2358 qui
1443 2278 1555 2336 hoc
1575 2278 1642 2334 fi·-

394 2363 450 2420 bi
469 2366 717 2422 officium
738 2369 982 2446 praestare
996 2364 1164 2420 vellet
1186 2402 1203 2424 ,
1227 2384 1328 2420 nec
1352 2367 1682 2441 inimi-cum.

390 2452 485 2522 qui
514 2454 684 2505 vitam
710 2447 808 2526 ipsi
828 2450 1113 2506 adimeret.
1165 2456 1296 2522 Qo
1331 2441 1453 2501 casu
1501 2448 1645 2501 ami-

1540 2545 1637 2581 cus
