1700 2819
416 96 531 152 540
735 78 1345 136 CL.SALMA811

412 160 546 217 modo
576 155 804 230 cofflegiati
835 157 914 211 bel
942 159 1102 214 decani
1115 155 1372 228 fistinanf.
1459 155 1540 208 Ex
1572 152 1660 212 his

411 240 638 297 constat,
670 245 1028 317 argentariam
1046 235 1288 294 mensam
1309 251 1440 290 tunc
1458 254 1658 294 munus

397 319 562 380 fuisse
578 324 936 400 patrimonii,
959 326 1015 377 δε
1036 339 1177 377 onus
1200 317 1355 397 quod
1379 314 1656 377 declinare

409 423 527 459 non
541 401 731 457 liceret
751 402 863 458 illis
897 409 993 481 qui
1036 407 1095 457 in
1129 422 1252 458 eum
1277 419 1572 456 numerum
1589 422 1655 458 ac

402 483 703 563 collegium
724 483 920 540 adleffl
944 482 1171 541 effesw.
1207 483 1378 558 Qod
1413 486 1471 541 &
1501 482 1653 540 idem

375 610 378 614 .
404 582 535 622 tunc
574 570 707 644 juris
728 563 835 621 fuit
852 568 920 622 de
939 567 1060 623 aliis
1077 560 1524 646 negotiatoribus
1541 568 1650 627 irL,

400 666 614 704 certum
641 668 841 727 corpus
859 669 920 705 ac
942 649 1248 728 collegium
1266 652 1644 726 congregatis,

401 734 462 786 δε
487 728 598 786 hoc
615 749 812 786 munus
831 731 977 808 quafi
994 729 1287 812 publicum
1305 726 1403 786 fibi
1440 733 1637 785 iniun-

400 814 550 869 stum
585 831 647 866 ex
697 812 1025 871 conditione
1056 813 1288 891 collegii
1333 814 1423 868 cui
1455 829 1645 869 erant-⁴

394 894 618 953 addicti,
640 891 990 952 habentibus.
1050 898 1374 953 Iustinianus
1406 892 1512 952 hos
1546 913 1646 950 ne-

393 979 696 1055 gotiatores
724 977 964 1035 militare
984 983 1220 1035 omnino
1239 981 1416 1035 vetuit
1434 1014 1452 1036 2
1478 980 1533 1031 δε
1574 978 1641 1033 ad

392 1078 778 1136 quamcunque
796 1060 1057 1118 militiam
1073 1057 1323 1140 aspirare,
1342 1057 1430 1114 sed
1441 1076 1634 1139 argen-

390 1144 540 1195 tariis
560 1178 578 1201 ‚
604 1161 729 1196 cum
750 1141 901 1198 idem
921 1148 1068 1199 circa
1082 1142 1212 1199 illos
1233 1138 1634 1204 observaretur,

393 1219 501 1277 hoc
517 1222 798 1302 privilegii
821 1224 1087 1282 conceffit
1106 1221 1350 1303 respestu
1380 1222 1633 1280 utilitatis

392 1324 556 1379 quam
586 1305 843 1379 omnibus
875 1305 1136 1364 exhibent
1163 1306 1266 1368 ,ut
1283 1302 1397 1361 sola
1427 1323 1632 1365 armata

390 1382 714 1441 abstinerent
742 1425 760 1447 ,
803 1391 870 1445 ad
900 1389 1137 1467 reliquas
1179 1390 1476 1468 dignitates
1510 1387 1630 1443 adi-

390 1482 507 1520 tum
528 1465 807 1524 haberent.
831 1474 957 1528 Nec
978 1470 1236 1528 omnibus
1256 1489 1441 1526 tamen
1466 1467 1632 1548 arg'e‘-

387 1552 535 1603 tariis
556 1548 664 1605 hoc
685 1551 927 1614 indulfit,
953 1550 1043 1609 sed
1061 1553 1191 1611 solis
1208 1553 1321 1609 illis
1341 1556 1436 1632 qui
1452 1556 1512 1607 in
1537 1572 1629 1607 ur-

385 1627 452 1685 be
503 1633 1128 1715 Constantinopolitana
1172 1639 1623 1714 negotiarentur:

380 1714 815 1790 provincialibus
847 1737 1173 1798 negatum-,-
1249 1720 1343 1771 Eos
1362 1753 1380 1777 2
1402 1718 1617 1795 iuquit,

380 1794 461 1867 qui
484 1793 561 1845 bel
576 1796 626 1849 in
641 1797 726 1848 hac
742 1798 868 1858 alma
887 1801 997 1853 urbe
1011 1800 1090 1855 bel
1103 1800 1154 1853 in
1163 1797 1421 1876 provinciis
1434 1798 1622 1852 cuidam

375 1874 619 1946 ergasterio
642 1881 876 1952 praesimt,
903 1880 1119 1936 militare
1142 1886 1197 1938 de
1225 1893 1380 1935 caetero
1395 1879 1620 1955 prohibe-

377 1974 481 2009 mm
494 1993 511 2014 2
531 1962 722 2032 exceptis
737 1963 1281 2037 atgentidistrafborilttps
1297 2000 1314 2022 ,
1336 1961 1419 2037 qui
1446 1961 1499 2014 in
1531 1961 1620 2015 hac

375 2034 501 2108 alma
517 2038 624 2090 urbe
639 2044 948 2110 negotiantur.
1004 2053 1108 2100 Hos
1125 2046 1272 2105 enim,
1295 2056 1453 2118 utpote
1472 2042 1619 2097 utiles

372 2117 580 2170 omnium
594 2123 1114 2183 contrafbibm‚armata
1131 2127 1319 2204 quidam
1339 2123 1521 2178 militia
1531 2138 1614 2201 pe·-

370 2196 500 2251 nitus
519 2200 989 2272 abstt'nereffincimus
1006 2245 1022 2267 ,
1048 2208 1197 2263 aliam
1214 2219 1325 2261 bero«
1352 2226 1609 2280 quamcun-

368 2277 559 2353 quefine
573 2296 701 2336 metu
721 2287 961 2359 prffintis
976 2290 1245 2353 sbnfbionis
1263 2283 1496 2363 pffstbi
1529 2305 1607 2339 ac-

365 2359 555 2433 quirere.
600 2364 710 2418 Ubi
740 2366 938 2423 militia
954 2370 1023 2423 est
1041 2370 1222 2434 φασι-εἷα
1246 2375 1305 2423 &
1348 2365 1607 2443 quaelibet

368 2442 601 2518 dignitas
625 2461 821 2524 togatae
846 2449 934 2505 vel
967 2467 1181 2507 armatae
1198 2450 1428 2506 militiae.
1475 2451 1602 2505 Sui-

697 2544 700 2548 ·
1234 2575 1262 2595 ‚,
1485 2529 1596 2587 das}
