1700 2819
113 53 206 91 DE
243 35 718 88 TRAPEZIT.
770 33 1141 88 FoeNoRE.
1193 54 1304 106 773

48 136 144 172 cus
164 114 267 173 ess'e
285 132 417 170 tunc
436 110 843 170 existimabatur
858 117 955 190 qui
972 113 1140 170 alicui
1160 121 1314 172 mori

46 199 301 258 volenti,
331 201 390 252 86
411 213 658 251 mortem
695 192 790 252 fibi
814 193 1166 253 neceffariam
1202 219 1311 278 pu-

48 287 226 342 tanti,
266 301 369 336 nec
415 300 527 357 prae
562 282 733 335 animi
767 277 1160 337 imbecillitate
1194 281 1309 339 hoc

48 386 150 446 per
171 361 222 420 se
298 382 472 420 attare
507 360 820 424 sustinenti>
862 384 1092 420 manum
1110 359 1307 424 suam.»

41 445 158 528 ipse
179 385 408 504 offgrret
425 467 485 503 ac
513 447 729 503 daret-‘-
781 442 958 504 Nulla
974 451 1148 526 igitur
1168 469 1309 528 opus

42 533 438 588 retrastatione
472 526 641 586 habet
673 527 770 585 illa
803 535 1010 586 oratio.
1083 533 1309 590 Contra

40 635 322 696 paganum
340 619 407 670 iis
431 631 562 669 utor
580 617 922 692 argumentis
947 635 1065 692 quae
1086 632 1217 670 tunc
1253 638 1307 672 a·

37 700 155 780 pud
184 717 431 777 paganos
476 694 804 755 valebant-⁴.
865 699 924 753 Si
959 717 1090 753 cum
1124 696 1303 756 Chr-i-

39 784 213 839 stiano
235 801 480 860 agerem,
508 797 602 836 aut
620 799 750 834 cum
771 780 969 851 Inde-o,
997 781 1142 861 apud
1168 801 1314 859 quos

41 866 146 922 alia
165 861 302 919 sedit
324 861 700 924 sentetiamon
719 861 817 918 tali
832 867 1048 920 ratione
1066 869 1295 922 niterer.

42 952 181 1006 Haec
207 945 387 1005 adhuc
422 965 740 1026 premamus
767 946 836 1001 de
868 944 1166 1004 hominum
1200 969 1300 1005 ne-

37 1038 265 1089 catione
282 1050 380 1109 per
401 1027 608 1089 foenus,
640 1033 769 1106 quia
794 1050 914 1085 eam
932 1034 1303 1109 intorquent-‘

37 1132 98 1172 ut
118 1110 349 1172 validiffi
360 1134 510 1168 mum
527 1109 964 1172 telum‚foenoris
986 1111 1299 1171 adversarii.

45 1193 103 1257 Si
123 1219 238 1254 nou
269 1194 448 1252 feredi
470 1199 899 1274 ti‘apezitcg2qttia
916 1194 1099 1252 foenus
1121 1214 1302 1259 necat,

36 1304 137 1339 nec
184 1279 297 1336 ulla
331 1276 486 1335 usura
503 1280 731 1336 videtur
754 1280 1098 1336 admittenda
1118 1317 1134 1341 ,
1173 1286 1303 1359 quia

43 1367 326 1440 Cato,qui
361 1366 571 1441 primus
610 1359 722 1418 hoc
756 1362 928 1423 dixit,
972 1384 1093 1419 non
1126 1364 1195 1420 de
1215 1385 1304 1421 ar·

41 1451 305 1527 gentariis
328 1448 386 1499 6<
407 1449 693 1524 trapezitis
712 1444 990 1502 intellexit
1008 1462 1295 1511 tantum-2,

37 1531 126 1587 sed
144 1531 210 1585 de
229 1532 456 1607 privatis
479 1531 713 1585 maxime
734 1526 1166 1585 foeneratoribus
1191 1567 1207 1590 ‚
1239 1549 1301 1588 ut

37 1636 101 1670 ex
124 1615 424 1671 Ciceronis
445 1609 579 1666 loco
606 1608 701 1667 ubi
721 1610 841 1668 hoc
862 1609 1099 1667 refertur
1116 1616 1300 1669 mani-

37 1695 173 1753 festo
199 1711 443 1774 apparet.
527 1695 638 1749 Sed
652 1714 754 1750 nec
773 1694 985 1751 reditus
1021 1693 1105 1751 illi
1125 1701 1295 1753 annui

34 1778 423 1864 permittendi,
448 1780 580 1854 quia
606 1771 833 1832 usurarii
869 1798 1056 1834 revera
1075 1774 1214 1840 sunt,
1238 1784 1298 1837 &⁷

38 1862 250 1919 multos
272 1865 437 1916 etiam
456 1861 728 1914 ditiorum
746 1861 980 1921 constat,
992 1866 1088 1940 qui
1110 1859 1294 1918 huius-

38 1947 195 2004 modi
236 1941 503 2000 reditibus
521 1937 571 2003 sc
590 1963 650 1998 ac
672 1939 763 1999 sua
782 1942 932 2000 bona
946 1942 1191 2001 obnoxia
1210 1942 1295 2001 fe-

35 2034 336 2110 cerint,per
363 2046 457 2082 cos
473 2022 714 2081 fortunis
733 2023 948 2083 eversos
976 2025 1096 2084 else.
1129 2029 1296 2085 Con-

36 2113 295 2168 cedamus
322 2127 502 2168 tamen
526 2146 542 2168 ,
566 2105 746 2167 foenus
779 2116 1172 2191 trapeziticum
1207 2110 1294 2167 illi

40 2197 282 2252 Catonis
297 2194 452 2250 disto
469 2196 706 2250 maxime
725 2190 828 2249 effe
849 2192 1166 2251 obnoxium
1184 2231 1202 2254 ‚
1237 2198 1299 2251 Sc

41 2299 109 2333 eo
144 2276 405 2333 homiues
441 2279 644 2331 necari.
696 2280 832 2335 Haec
868 2274 1080 2337 occisio
1116 2295 1294 2333 meta-

33 2359 268 2440 phorica
301 2360 409 2418 est,
455 2357 696 2437 &plane
730 2363 976 2423 iconie-a,
1000 2381 1116 2416 non
1149 2381 1295 2417 vera.

0 2495 1 2501 ,
38 2443 206 2512 Nihil
229 2447 384 2523 peius
414 2443 592 2520 potest
620 2438 797 2500 facere
834 2447 1106 2525 trapezita
1138 2443 1299 2500 diviti

235 2531 238 2534 ’
606 2525 654 2584 C
679 2544 708 2582 c
732 2546 761 2581 c
813 2548 835 2598 3
1211 2522 1302 2583 sua
