1700 2819
101 65 138 107 D
170 63 199 101 ε
251 46 718 103 Tamum-r.
766 45 1130 105 FoenoRE.
1203 51 1312 117 761

52 133 267 184 tenuati
303 132 362 183 δέ
407 124 762 185 facultatibus
807 127 980 185 everfi
999 171 1016 193 ‚
1060 125 1165 186 sese
1182 131 1316 187 dan-

11 248 14 251 *
58 214 204 268 tisin
225 206 488 267 servitute
509 211 780 269 creditori
805 209 923 273 suo,
969 233 1090 290 quae
1116 217 1318 293 &pre-
1383 248 1385 250 >

55 290 243 352 scribit
255 295 552 373 quomodo
578 295 725 375 apud
739 315 864 352 eum
884 292 1084 353 servire
1100 293 1323 357 debeat.

58 381 150 435 De
171 377 361 435 Iudaeo
395 382 545 434 enim
566 379 838 457 loquitur,
860 383 952 437 eui
978 378 1010 436 ὲ
1035 375 1206 437 fratre
1229 385 1324 440 Iu-

57 461 181 518 daeo
199 480 298 542 per
318 479 576 518 mutuum
595 466 905 542 gratuitum
927 459 1048 521 vult
1064 461 1323 523 subveni-

57 549 127 602 ri.
184 549 328 619 Qis
346 541 519 602 nescit
534 565 734 624 porro,
743 545 1016 625 plurimos
1036 566 1214 628 aegros
1231 549 1325 606 iir-

59 629 189 686 dem
209 627 468 686 remediis
495 625 800 686 refocillari
835 634 896 687 &
930 630 998 687 ad
1034 627 1328 692 sanitatem

59 716 348 792 vitamque
371 716 643 773 revocari,
664 734 786 791 quae
816 711 957 770 alios
976 735 1044 770 ne
1068 718 1318 773 morian-

59 812 149 854 tur
162 793 467 878 prohibere
487 816 605 853 non
620 792 883 876 possunt?
927 802 1041 873 Qi
1077 799 1145 855 ad
1164 820 1324 856 mor-

59 895 174 937 tem
209 896 484 961 aegrotant
510 879 718 944 „nulla
753 901 863 959 ope
896 882 1115 940 medica
1158 877 1328 940 sanari

58 981 336 1042 queunt<
397 968 480 1020 Ita
524 961 777 1044 plerique
818 986 880 1020 ea
911 961 1128 1022 miseria
1160 963 1325 1022 labo—

62 1063 187 1104 rant
209 1067 332 1125 quae
348 1045 506 1103 nullo
524 1047 801 1104 levamine
835 1048 1018 1127 potest
1046 1046 1114 1105 ab
1133 1051 1326 1129 inopia

61 1125 217 1187 fatali
236 1128 484 1187 liberari.
500 1130 608 1186 Sed
625 1152 798 1211 pone,
822 1130 1067 1209 aliquem
1088 1136 1186 1210 qui
1215 1131 1324 1188 ho-

63 1212 156 1268 die
175 1210 301 1273 fine..
325 1218 562 1291 pecunia
596 1210 834 1270 foenebri
872 1232 987 1271 erat
1016 1218 1322 1295 periturus,

64 1295 190 1383 Post
205 1317 407 1353 annum
426 1301 481 1351 in
499 1296 648 1352 idem
666 1300 1025 1377 precipitium
1041 1296 1212 1357 relabi
1231 1296 1325 1356 ubi

63 1385 178 1436 iors
200 1399 327 1436 cum
346 1376 515 1436 usuris
537 1377 799 1436 solvenda
817 1379 907 1436 est.
959 1384 1018 1438 Si
1033 1378 1326 1447 solum,in-

64 1483 254 1541 quam,
273 1480 526 1519 mutuum
545 1461 646 1544 ipfi
677 1463 805 1520 ess'et
824 1463 1189 1528 reddendum,
1206 1464 1325 1524 for-

64 1543 193 1604 tasse
232 1567 331 1601 nec
367 1545 508 1603 illud
550 1542 726 1626 polset
766 1551 1109 1615 extricare-,-
1162 1554 1326 1607 Tune

61 1649 176 1687 non
201 1624 438 1686 foenoris
459 1634 600 1686 vitio
619 1627 913 1694 rueret,sed
934 1627 1119 1693 sumid
1137 1630 1327 1705 est,sue

64 1711 332 1793 egestatis-
351 1715 407 1769 Si
437 1735 553 1768 non
571 1709 749 1792 polset
775 1731 892 1768 tum
919 1731 1179 1771 mutuum
1197 1718 1326 1774 red-

62 1793 281 1855 hibere,
306 1797 486 1857 multo
512 1801 692 1851 minus
712 1792 893 1875 posset
915 1792 1120 1855 usuras.
1172 1798 1327 1858 Nul-

63 1878 131 1938 lae
155 1875 1168 1961 eniffl‘unquamrfiuaessam-magnae
1201 1903 1328 1963 per-

65 1958 234 2027 miss}
255 1957 377 2019 sunt
400 2000 417 2023 ‚
458 1979 516 2018 ut
533 1965 680 2019 intra
698 1985 902 2019 annum
922 1960 1125 2021 sortem
1145 1987 1322 2043 aequa-

66 2044 865 2184 w
367 2039 990 2104 hinnauticore.
1046 2050 1333 2106 Caeterum

88 2137 282 2208 lpote1
344 2151 408 2187 ve
473 2149 506 2183 u
534 2149 653 2184 uras
690 2130 810 2208 post
841 2151 1045 2186 annum
1087 2128 1321 2193 solvere,

68 2211 321 2271 nondum
356 2211 428 2269 est
446 2229 668 2282 necatus
688 2251 704 2272 ‚
733 2209 878 2269 sorte
903 2214 1046 2292 apud
1079 2235 1205 2272 eum
1244 2236 1331 2272 re-

69 2311 352 2354 manente,
383 2316 493 2372 qua
515 2300 688 2352 utitur
721 2294 998 2353 beneficio
1039 2294 1117 2354 sui
1155 2298 1333 2355 credi-

70 2382 230 2434 toris.
280 2380 471 2434 Sinon
489 2380 688 2458 potest,
716 2380 897 2435 multo
922 2385 1131 2442 minus,
1165 2386 1332 2440 ctiam

75 2459 112 2527 sl
133 2458 244 2518 sors
261 2458 327 2519 ab
346 2482 410 2517 eo
431 2479 769 2541 repeteretur
792 2461 902 2520 fine
922 2460 1093 2522 usuris
1109 2505 1125 2525 2
1150 2469 1197 2522 ei
1222 2462 1330 2523 sol-

673 2549 712 2602 B
737 2543 771 2602 b
796 2546 828 2603 b
881 2567 909 2619 5
1157 2616 1159 2618 .
1200 2571 1334 2607 ven-
