1700 2819
324 71 443 139 476
641 64 767 120 Cr.
834 64 1269 121 SALMASM

323 151 548 205 noxius.
615 152 752 217 Qae
780 159 966 199 tamen
1000 144 1393 220 interpretatio
1417 162 1583 202 noni&

324 229 466 286 mihi
484 225 690 307 placet,
712 245 843 280 cum
861 241 1072 280 certum
1091 221 1313 304 fit‚lege
1331 222 1583 284 Mosaica

323 331 550 368 omnem
575 312 815 364 omnino
855 304 1074 365 usuram
1098 304 1295 368 Iudaeis
1312 309 1462 363 inter
1492 312 1581 388 ip-

262 402 265 407 “
323 393 409 451 sos
428 388 584 448 fuisse
608 396 841 448 vetitam
869 427 887 450 ,
921 394 980 445 δε
1005 410 1237 445 omnem
1255 410 1386 445 cum
1415 412 1578 470 pere-

324 480 497 557 grinis
515 472 859 553 permiffam‚
880 490 940 528 ut
959 473 1172 529 constat
1204 493 1267 529 ex
1287 477 1576 530 Deutero-

322 562 522 616 nomio
541 578 636 612 xx1
660 579 676 612 1
700 578 717 611 1
738 597 750 608 .
777 559 821 610 E
821 569 1015 610 xtraneo
1035 554 1316 624 firmabis,
1347 570 1410 614 (φ
1420 557 1582 625 fratri

319 657 404 724 tuo
421 661 513 696 non
516 640 794 710 faenerabis.
836 642 988 696 Cum
1006 644 1296 717 permittat
1315 657 1577 698 extraneo

323 723 585 780 foenerari
606 763 623 788 ,
655 740 801 782 vetat
816 740 1002 779 tamen
1021 740 1344 791 extraneum
1377 727 1576 803 oppri-

325 811 402 863 mi
432 807 611 863 Exod.
624 829 688 862 xx
701 828 718 861 1
742 827 759 861 1
778 847 792 861 .
822 810 865 861 Ε
869 820 890 861 t
895 805 1135 882 peregrino
1152 825 1243 860 non
1257 805 1430 874 inferes
1444 805 1572 866 him,

324 910 406 944 nec
431 890 652 966 opprimes
669 911 775 944 eum
796 928 812 952 ,
833 888 946 965 quia
961 887 1196 965 peregrini
1209 887 1387 966 fuistis
1410 889 1464 943 in
1482 903 1579 945 ter·

322 994 372 1029 m
390 973 609 1050 Aegypti.
627 974 810 1029 Potest
831 993 967 1051 ergo
985 971 1186 1050 aliquis
1204 969 1491 1033 foenerari,
1517 976 1577 1028 δε

321 1074 507 1113 tamen
524 1077 647 1112 eum
665 1060 753 1112 cui
765 1053 1077 1113 'foeneratur
1094 1076 1208 1111 non
1225 1058 1569 1135 opprimere.

323 1144 492 1196 Vetat
529 1144 739 1218 quippe
775 1137 860 1195 lex
895 1142 1142 1220 opprimi
1177 1133 1417 1217 egenum
1445 1175 1460 1201 ‚
1488 1134 1573 1193 sed
1601 1205 1603 1207 ι

324 1222 503 1278 eidem
543 1221 800 1278 foenerari
832 1226 1115 1301 permittit
1133 1258 1151 1281 ‚
1191 1224 1325 1277 dum
1362 1217 1578 1278 scilicet

322 1324 438 1360 non
466 1310 873 1384 opprimatur*
932 1309 1003 1362 Et
1029 1299 1239 1360 rursum
1255 1304 1436 1384 potest
1471 1303 1576 1360 ali-

325 1392 450 1465 quis
466 1387 570 1444 alia
584 1394 673 1445 via
687 1409 929 1468 egenum
945 1391 1268 1468 opprimere
1287 1407 1454 1465 quam
1473 1385 1579 1442 foe-

324 1470 594 1526 nerando.
662 1471 840 1527 Dedit
870 1469 1072 1548 aliquis
1112 1487 1366 1527 mutuam
1397 1490 1569 1549 pecu-

323 1555 474 1608 niam
488 1553 761 1634 indigenti
782 1570 841 1609 ut
855 1559 1095 1634 gratuita
1112 1574 1172 1611 ea
1189 1569 1394 1610 utatur.
1410 1554 1468 1609 Si
1488 1572 1574 1608 re-

329 1651 476 1713 petat
496 1656 612 1692 eam
630 1637 875 1692 creditor
891 1635 1075 1693 alieno
1096 1653 1379 1715 tempore,
1402 1639 1462 1691 8<
1483 1655 1571 1691 re-

318 1714 513 1795 poscat
541 1722 886 1797 importune,
914 1720 1140 1798 quando
1172 1740 1289 1775 non
1304 1714 1573 1774 habebit-⁴

321 1804 380 1853 in
399 1818 688 1857 numerato
710 1799 932 1858 debitor
963 1803 1120 1880 quod
1138 1802 1329 1857 reddat
1353 1837 1371 1862 ,
1392 1804 1452 1857 δε
1482 1804 1571 1856 in-

324 1886 489 1937 terim
503 1888 741 1961 pignora
756 1889 935 1964 capiat
954 1889 998 1940 is
1020 1890 1112 1941 cui
1133 1882 1383 1943 debetur,
1403 1902 1574 1960 eaque

325 1967 564 2019 minimo
609 1965 970 2028 distrahenda,
992 1983 1054 2023 ut
1081 1972 1141 2024 in
1168 1966 1369 2024 talibus
1395 1969 1573 2021 moris

324 2045 430 2104 est>
452 2064 716 2123 procuret
750 2085 765 2110 ,
793 2070 907 2105 non
938 2048 1171 2108 dubium
1209 2051 1283 2106 est
1317 2051 1456 2127 quin
1500 2045 1573 2104 sic

320 2147 530 2204 pauper
558 2127 832 2208 affligatur
852 2169 870 2191 ,
895 2137 951 2188 &
975 2133 1203 2211 quidem
1224 2129 1335 2187 fine
1369 2129 1565 2191 ufiiris,

327 2211 448 2264 Erit
469 2230 603 2288 ergo
641 2212 739 2266 ille
786 2218 955 2269 etiam
994 2214 1275 2274 obnoxius
1308 2217 1567 2269 intermi‘

322 2295 620 2349 nationiac
648 2292 1032 2353 maledistioni
1050 2300 1252 2356 divinae
1270 2334 1289 2357 >
1311 2316 1431 2374 quae
1448 2294 1572 2373 lege

321 2371 495 2427 Mofis
530 2375 1091 2455 comprehenditur„
1148 2380 1259 2435 Vel
1278 2377 1406 2433 inde
1440 2376 1564 2456 Ber-

1334 2559 1435 2620 pre
1480 2559 1569 2605 ιο-
