1700 2819
72 55 212 94 ··DE
257 37 731 93 TRAPEZIT.
781 33 1315 112 FOENORE.313

44 119 329 199 Alioquin
352 119 547 176 eadem
568 116 976 174 constitutione
995 153 1018 178 ,
1048 113 1087 172 fi
1113 114 1181 174 ab
1202 118 1320 176 illis

47 201 383 268 criminibus
434 199 674 259 liberam
709 197 954 258 eieciffet
1007 221 1315 267 uxorem„

46 307 279 359 omnem
296 290 493 344 dotem
510 286 793 342 restituere
809 281 1138 346 debebam&
1154 286 1320 346 aliam

47 376 253 432 ducere
267 368 581 433 vetabatur.
610 374 764 450 Ergo
782 387 1008 450 poterat
1029 369 1195 428 aliam
1213 372 1318 431 du·-

45 479 192 522 cere,
212 454 249 516 fi
274 477 339 514 ex
365 452 523 514 causa
543 452 988 535 supradiclorum
1016 460 1323 515 criminum

45 564 168 611 eam
209 537 516 600 eieciffeff.
577 543 835 597 Honorii
868 537 957 594 lex
985 560 1107 618 quae
1134 538 1320 620 sequi-

46 645 138 684 tur
157 632 219 684 in
241 626 443 683 eodem
461 624 686 682 Codice
709 620 1110 681 Theodosiano
1129 665 1146 686 ,
1189 625 1320 682 nul-

44 711 167 769 lum
203 706 494 792 speciatim
546 713 764 765 crimen
841 711 1106 789 exprimit
1163 713 1322 789 quod

44 817 151 876 pro
171 792 330 854 causa
367 796 625 874 legitima
645 791 709 848 fit
730 798 915 849 uxoris
933 793 1315 871 repudiandae,

44 877 139 954 sed
168 883 227 936 in
252 899 456 960 genere
476 879 659 934 statuit
676 915 692 938 >
716 873 829 933 utfi
853 897 1018 956 grave
1056 881 1324 940 crimem,

46 961 271 1023 mulieri
297 968 383 1020 vir
404 960 678 1021 intulerit,
708 966 764 1017 ἃ
786 959 1144 1040 persequatur
1178 962 1323 1044 legi-

47 1047 150 1112 bus
173 1043 502 1109 accusatam,
524 1052 820 1126 impetrata
840 1047 1086 1103 vindicta
1102 1085 1120 1109 ,
1138 1059 1200 1106 (φ,
1216 1052 1326 1105 dote

31 1133 284 1212 potiatur,
308 1134 525 1201 &fitam
549 1129 746 1209 recipiat
773 1129 1049 1205 largitatem
1067 1168 1085 1191 ,
1140 1143 1203 1189 (φ’
1228 1136 1320 1188 du-

52 1217 191 1284 cendi
246 1238 359 1273 mox
403 1216 609 1272 alteram
660 1212 864 1269 liberum
900 1214 1151 1283 sbrtiatur
1183 1217 1321 1271 arbi-

48 1300 227 1359 trium.
305 1302 446 1358 Non
481 1320 652 1378 unum
688 1302 904 1355 crimen
939 1296 1199 1369 adulterii
1230 1305 1318 1356 in-

51 1385 266 1443 tellexit
283 1422 301 1449 ,
329 1380 419 1441 sed
441 1383 821 1463 quodcunque
835 1387 1058 1464 gravius
1077 1388 1315 1446 crimen,

49 1488 113 1526 ut
132 1493 193 1527 ea
213 1474 409 1527 omnia
428 1491 548 1547 quae
561 1465 752 1545 publica
773 1464 1217 1547 appellabantur,
1259 1473 1322 1526 &

48 1553 292 1635 publicis
312 1550 530 1634 legibus
552 1552 823 1611 vindicari
843 1549 1156 1609 solebant<
1215 1556 1319 1611 Se-

51 1644 242 1717 quitur
280 1642 340 1692 in
377 1637 568 1695 eadem
594 1635 755 1718 lege,
790 1641 957 1693 etiam
988 1650 1181 1713 propter
1211 1660 1320 1692 mo-

51 1745 123 1779 res
156 1721 434 1802 repudiari
459 1718 612 1801 poffe
630 1741 954 1782 uxorem,ca
971 1738 1156 1778 tamen
1177 1742 1321 1779 con-

50 1807 267 1865 ditione
290 1843 308 1865 ,
339 1823 400 1861 ut
423 1807 790 1863 donationem
812 1822 1028 1862 tantum
1047 1809 1326 1885 recipiat*

51 1909 178 1950 ante
212 1894 458 1970 nuptias,
484 1887 574 1947 sed
607 1891 804 1946 dotem
843 1893 892 1945 ei
929 1889 1231 1968 relinquat,
1261 1894 1322 1947 δε

49 1976 174 2058 post
191 1974 480 2032 biennium
513 1973 678 2033 aliam
717 1970 888 2055 possit
922 1975 1199 2040 ducerQ).
1268 1974 1328 2029 Si

49 2073 160 2116 bero
183 2080 372 2117 morum
397 2063 469 2114 eff?
491 2057 646 2136 culpa,
672 2079 765 2126 non
789 2057 1077 2120 criminum,
1108 2059 1330 2115 donatio·

49 2164 162 2201 nem
201 2142 401 2222 recipiat
424 2180 444 2205 ,
497 2145 654 2200 dotem
697 2141 937 2219 relinquat
955 2181 973 2207 ‚
1015 2141 1172 2197 aliam
1213 2147 1328 2220 pofb

50 2227 302 2284 biennium
326 2228 553 2284 duflurus
576 2248 785 2283 uxorem.
803 2224 1163 2286 Theodosius
1184 2249 1324 2307 pau-

50 2310 110 2389 lo
129 2312 253 2395 post
269 2333 401 2370 cum
421 2312 1026 2394 Valentinianolegem
1054 2312 1121 2368 de
1155 2332 1326 2392 repu-

53 2398 162 2458 diis
186 2394 388 2459 emifit,
410 2398 521 2476 qua
540 2392 720 2455 causas
740 2396 1024 2477 legitimas
1055 2399 1327 2454 nomina-

17 2532 19 2535 .
57 2485 163 2558 tim
187 2477 443 2564 exposuit
474 2479 680 2562 quibus
700 2481 897 2563 liceret
925 2483 981 2539 ta
1002 2485 1128 2541 viro
1147 2477 1327 2538 uxori}

629 2571 684 2644 V
730 2587 760 2641 5
1001 2601 1006 2605 -
1131 2565 1329 2640 dimit-
