1752 2819
179 104 273 144 οε
319 88 789 145 Taxpzzm.
835 86 1209 145 Foenortss.
1280 111 1353 164 75

88 173 161 227 ris
213 187 303 227 aut
341 168 647 229 canonibus
685 165 1070 227 Ecclefiasticis
1116 171 1350 228 interdi-

90 255 253 315 ctam,
267 259 364 333 qui
383 251 548 313 semel
568 251 864 312 faeneratus
892 249 1203 334 effet‚aeqtte
1219 274 1351 311 cena

90 333 266 394 suram
290 335 718 397 Ecclefiasticam
747 357 844 418 per
867 335 1150 420 publicam
1168 344 1351 420 poeni-

94 425 322 477 tentiam
341 439 470 479 tunc
488 420 818 483 incurriffet,
847 439 1010 500 atque
1029 420 1124 477 ille
1143 425 1239 499 qui
1261 419 1351 480 sae-

92 507 218 584 pius
238 505 296 560 id
313 502 530 587 egisset,
561 523 653 565 aut
669 510 765 585 qui
786 522 905 562 tota
922 509 1034 562 vita
1049 502 1192 561 nihil
1208 504 1357 563 aliud

92 581 342 667 egisset-⁶.
428 593 697 647 Meretrix
730 609 898 668 quam
932 592 1060 646 vitae
1097 593 1357 648 anteactae

95 667 422 750 paenitebat,
446 673 569 753 post
586 675 925 753 poenitentiae
956 669 1189 752 publicae
1215 689 1358 729 tern-

95 771 196 833 pus
219 747 373 812 suum
395 758 677 834 peractum
698 752 1159 811 reconciliabatur
1178 754 1354 813 altari.

100 836 538 895 Mulicrmoecha
556 847 675 917 quae
695 835 861 895 semel
893 842 951 895 in
988 859 1107 894 eam
1141 837 1364 919 culpam

100 917 394 982 incidiffet,
404 941 523 977 non
539 927 722 979 minus
746 942 911 998 quam
930 927 1186 977 meretrix
1203 958 1220 982 ‚
1263 940 1362 979 ut*

99 1001 509 1060 communione
531 1026 639 1083 qua
674 1005 967 1064 exciderat,
991 1023 1357 1085 recuperaret,

101 1103 321 1165 tempus
339 1083 436 1167 ipsi
456 1092 794 1167 poenitentiae
828 1088 1100 1145 inditorum
1130 1086 1366 1167 implere

97 1165 354 1227 debebat.
403 1172 705 1231 Donamus,
724 1191 820 1250 per
841 1170 938 1227 illa
960 1187 1215 1249 tempora
1235 1168 1360 1227 usu-

103 1270 221 1308 ram
242 1249 546 1310 obnoxiam
568 1275 722 1331 aequc
754 1251 911 1311 fuiffe
943 1258 1125 1332 poenis
1163 1253 1353 1309 Eccle-

103 1332 317 1391 fiasticis
337 1340 397 1390 Sc
417 1334 798 1417 exomologesi
819 1374 837 1396 ‚
878 1353 940 1393 ut
961 1352 1075 1391 erat
1094 1334 1356 1394 moechia.

104 1420 407 1505 Trapezita
446 1421 712 1497 quamdiu
759 1424 816 1474 in
863 1414 1206 1498 profeffionc
1267 1419 1362 1478 illa

106 1502 439 1562 veriaretur,
461 1523 576 1560 non
609 1498 861 1560 admiffus
894 1501 961 1558 ad
995 1507 1359 1559 communio·

105 1605 233 1640 nem
253 1580 456 1642 sacram
479 1582 662 1642 fuiffet
678 1623 694 1645 ,
736 1582 834 1640 nisi
852 1582 1096 1642 abiurata
1124 1581 1361 1642 foencra-

108 1672 351 1728 tione,&
363 1672 531 1752 petita
546 1671 961 1748 poenitentia,&
972 1670 1198 1747 peracto
1218 1685 1363 1725 tem-

106 1772 244 1831 pore
261 1749 388 1808 huic
409 1755 632 1808 crimini
657 1752 873 1809 statuto.
949 1755 1004 1807 Si
1043 1768 1227 1809 autem
1263 1751 1364 1810 ali-
1393 1819 1400 1824 ³

111 1838 234 1912 quis
253 1855 315 1890 ex
335 1833 418 1891 his
439 1840 530 1913 qui
551 1839 952 1892 communione
983 1838 1360 1914 participaret,

109 1921 347 1997 pecunia
368 1916 512 1976 suam
532 1922 590 1974 in
615 1916 791 1975 foenus
817 1918 905 1974 vel
927 1915 1091 1973 semel
1111 1916 1364 1981 dedisset,

113 1998 258 2058 sacra
276 1997 454 2077 synaxi
474 1999 772 2062 excidiss'et,
790 2021 890 2057 nec
911 1998 977 2058 ad
997 2022 1117 2057 eam
1151 2000 1367 2060 rediffet

113 2081 213 2139 nisi
248 2085 368 2164 post
420 2084 714 2164 impletum
759 2089 1101 2165 poenitentiae
1131 2085 1368 2165 publicae

113 2185 353 2248 tempus.
401 2171 478 2225 At
496 2167 640 2224 nihil
662 2168 767 2225 tale
785 2172 844 2224 in
875 2164 1045 2224 usuris
1077 2166 1143 2225 ab
1169 2171 1365 2229 Eccle-

114 2248 184 2307 s1a
203 2247 378 2331 prisca
394 2252 648 2309 statutum
663 2270 752 2309 aut
770 2247 1139 2313 observatum,
1159 2273 1288 2331 neq3
1308 2259 1369 2312 in

114 2332 234 2390 aliis
252 2338 402 2391 vitiis
433 2355 494 2394 ac
530 2334 745 2392 delictis
781 2356 900 2414 quae
937 2355 999 2390 cx
1035 2339 1267 2394 avaricia
1307 2341 1369 2395 δε

116 2418 417 2506 cupiditate
433 2424 740 2477 nummaria
759 2422 1038 2499 originem
1056 2416 1279 2482 habent,
1305 2440 1368 2478 ut

113 2500 308 2567 diserte
326 2503 543 2561 testatur
574 2503 722 2560 idem
745 2506 1049 2582 Gregorius
1071 2501 1385 2579 Nyffenus.'

1244 2588 1369 2655 Nec
