1700 2819
136 28 942 91 DETRAP1321T.FoeN
975 45 1159 84 ORE.
1216 29 1334 100 587

68 110 423 171 banteetiam
458 108 674 167 summo
711 106 1011 170 Pontifice‚
1053 114 1109 166 &
1134 108 1336 189 pleris-

69 216 178 276 que
199 195 630 254 Canonistarum
648 215 765 249 non
786 191 1165 254 renuentibus,
1199 199 1339 275 quin

73 281 221 336 reete
239 296 405 357 atque
424 278 622 334 ordine
646 276 768 333 talis
794 276 1072 334 institutio
1107 273 1339 335 fundata

0 384 2 387 ’
72 361 160 424 sit,
192 366 251 418 &
270 382 377 444 pro
398 360 552 417 bono
573 379 737 437 atque
763 358 1004 417 utilitate
1024 381 1338 440 pauperum

74 445 295 520 cedati.
366 443 661 524 Philippus
696 441 936 499 Pulcher
969 442 1337 522 diplomatQ)

72 526 173 586 suo
193 524 518 606 quibusdam
550 525 952 585 mercatoribus
996 523 1339 584 foenebrium

71 609 386 669 mensarum
407 614 730 668 exercitium
749 632 863 666 non
886 627 1096 667 tantum
1115 613 1334 688 permi-

74 688 262 756 sit,sed
287 701 346 751 ὃς
367 698 614 775 praemiis
638 713 699 750 ac
736 692 1048 773 privilegiis
1074 713 1169 749 eos
1194 698 1344 751 invi-

76 784 237 839 tavit,
275 795 336 834 ut
371 794 557 835 narrat
576 781 810 856 Zypaeus
829 772 1340 839 ,consentientibus

76 859 297 938 aliquot
315 858 671 920 doftoribus,
696 857 816 917 fieri
842 857 1016 940 posse,
1050 877 1110 916 ut
1129 864 1188 916 δε
1223 881 1343 918 non

76 940 259 1001 solum
292 943 493 1005 liceat,
520 941 607 1000 sed
645 948 810 999 etiam
846 964 908 999 ex
934 960 1216 1023 praecepto
1254 947 1344 1002 inv

76 1025 304 1085 cumbat
330 1025 910 1109 magistratibus,citra
926 1022 1193 1084 offensam
1217 1029 1335 1087 Ca-

75 1131 296 1167 nonnm
315 1150 330 1172 ‚
356 1116 537 1167 immo
559 1115 616 1165 <Sc
641 1111 981 1188 quandoque
1018 1129 1079 1165 ex
1115 1105 1331 1171 debito,

77 1189 217 1250 ficut
257 1196 505 1251 medicus
535 1211 756 1248 tenetur
787 1198 1051 1249 omittere
1109 1213 1344 1251 curam-⁴

78 1274 269 1332 morbi
289 1277 545 1337 levioris,
565 1277 790 1353 quando
812 1297 873 1332 ex
896 1298 958 1333 ea
979 1274 1343 1356 periculum..

78 1361 152 1421 est
191 1363 443 1415 maioris.
512 1361 684 1417 Nunc
706 1360 1133 1416 examinandum
1154 1394 1175 1421 ,
1201 1360 1342 1438 qnid

83 1447 323 1500 maxime
342 1447 400 1498 in
421 1446 707 1520 trapezitis
726 1441 1055 1522 improbent
1081 1463 1143 1499 ac
1182 1442 1343 1500 dam-

82 1543 217 1582 nent
235 1524 514 1605 theologi.
589 1528 680 1580 An
698 1536 948 1582 nomen?
1003 1528 1144 1583 Non
1173 1542 1341 1604 puto.

89 1609 261 1683 Qod
296 1615 444 1664 enim
497 1607 755 1662 Lombardi
781 1625 1056 1664 vocantur
1078 1651 1091 1672 ‚
1112 1607 1258 1664 nihil
1275 1610 1347 1666 ad

85 1712 205 1748 rem
228 1689 394 1752 facit,
420 1708 480 1746 ut
497 1688 782 1769 probanda
810 1692 1059 1747 videatur
1083 1728 1099 1753 ,
1123 1695 1346 1748 autim-

83 1773 396 1856 probanda.
445 1776 714 1831 Proeterea
739 1795 802 1830 ex
819 1774 1135 1851 antiquoid
1154 1777 1345 1831 nomi-

86 1862 174 1914 nis
210 1855 446 1919 habent,
486 1861 652 1913 etiam
671 1863 766 1934 qui
799 1879 858 1913 ex
877 1854 1348 1916 Lombardianon

86 1938 230 2002 sunt,
251 1946 382 2018 quia
395 1944 561 2018 primi
580 1961 677 2019 per
695 1961 837 2019 quos
857 1937 1039 2011 mense
1058 1937 1349 1999 huiusmo-

89 2025 145 2079 di
168 2031 419 2080 exercitae
443 2020 562 2078 sunt
580 2060 598 2083 ,
625 2020 778 2081 fuere
803 2023 1134 2080 Lonibardi.
1192 2025 1347 2099 Qid

89 2110 259 2185 igitur
281 2110 340 2161 in
363 2105 448 2161 his
470 2106 798 2162 damnatur?
853 2111 943 2162 An
963 2104 1120 2163 usura
1149 2116 1164 2158 Ξ
1206 2110 1350 2165 Non

19 2191 22 2194 ’
89 2188 412 2267 simpliciter
433 2225 448 2247 ,
474 2206 535 2244 ut
571 2190 837 2246 existimo.
892 2193 1029 2246 Eam
1051 2193 1199 2244 enim
1228 2194 1351 2246 iure

90 2272 325 2329 naturali
351 2272 568 2328 licitam
588 2273 906 2328 concedunt
926 2309 943 2331 ‚
972 2292 1077 2327 nec
1100 2292 1230 2327 cum
1260 2272 1351 2328 di-

48 2365 52 2368 ’
92 2358 227 2421 vino
257 2377 583 2435 pugnare-2.
647 2359 797 2435 Ergo
831 2351 990 2411 usura
1024 2359 1350 2434 trapezitica

91 2433 160 2504 ab
177 2436 264 2498 his
285 2439 661 2519 repudiatum.
715 2448 849 2515 Qo
873 2437 1045 2496 titulo
1071 2447 1086 2488 ἓ
1107 2440 1199 2496 An
1221 2442 1354 2514 quia

1171 2537 1352 2602 trape-
