1752 2819
195 71 291 111 DE
337 53 808 112 TRAPEzm.
857 51 1236 108 FoeNoRn.
1312 69 1389 126 27

102 156 228 198 nus>
254 158 352 196 cur
364 134 559 218 probis
577 134 897 216 Theologis
919 130 1273 211 quidem‚sed
1285 156 1385 216 pa-

105 242 229 279 rum
248 242 433 281 rerum
453 220 813 304 periti32adeo
838 218 1148 276 damnanda
1182 214 1296 277 visa
1324 217 1390 277 fit

107 303 265 365 usura
278 311 623 388 trapezium,
645 323 706 364 ut
727 309 840 364 eius
864 308 1392 384 negotiatoresmon

111 385 290 448 solum
307 412 411 473 pro
432 388 732 449 infamibus
755 387 991 448 habeant
1013 425 1032 449 ‚
1073 384 1166 444 sed
1196 390 1226 447 ὲ
1248 385 1392 449 {acra

111 480 513 534 communione
530 475 868 532 omnimodo
895 474 1268 530 removendos
1285 471 1391 532 sci-

109 556 257 617 scant
277 599 291 612 .
332 563 424 618 An
441 558 665 642 poffunt
684 559 967 616 ostendere
984 595 1002 619 ,
1028 578 1158 613 cum
1181 579 1388 616 conce-

111 646 241 701 dant
269 642 482 702 usuram
529 666 644 701 non
677 663 925 725 pugnare
961 662 1090 697 cum
1108 641 1282 699 verbo
1304 644 1389 700 di-

112 734 247 784 vino
270 767 286 790 ,
325 729 477 786 istam
499 726 672 785 solam
702 724 943 808 express'e
962 730 1018 779 in
1038 746 1106 780 co
1128 723 1230 782 effe
1254 748 1389 808 pro-

112 810 384 870 hibitam?
426 812 706 891 Nunquid
722 808 951 869 afferent
986 829 1047 864 ex
1067 804 1228 866 sacris
1250 818 1391 869 anti-

111 917 354 975 quorum
375 898 752 954 conciliorum
772 890 1076 952 canonibus
1094 932 1112 952 ‚
1133 891 1394 955 usurarrco

112 980 344 1058 quidem
363 984 590 1060 privatis
616 984 798 1038 Laicis
819 978 922 1036 ess'e
941 975 1278 1058 permistam,
1305 977 1397 1037 sed

110 1062 396 1144 publicam
430 1069 543 1122 eius
575 1067 961 1143 negotiatione
995 1064 1349 1121 interdictam
1375 1077 1392 1118 ?

113 1150 209 1206 Ne
230 1149 289 1205 id
304 1148 533 1227 quidem
553 1166 778 1228 queant.
830 1152 901 1204 Et
920 1145 1220 1204 ridiculum
1240 1148 1332 1209 est,
1358 1148 1397 1207 si

112 1253 230 1288 non
248 1250 412 1289 vetor
431 1235 586 1310 quod
609 1238 724 1289 aeris
744 1230 924 1291 habeo
939 1231 997 1287 id
1018 1235 1075 1286 in
1096 1227 1278 1288 foenus
1297 1232 1393 1290 da-

117 1337 197 1376 re,
223 1312 391 1372 semel
405 1333 569 1394 atque
594 1323 795 1374 iterum
816 1355 834 1377 ,
872 1319 931 1371 &
953 1310 1397 1396 quotiescunque

118 1396 455 1480 superfluum
493 1398 741 1458 habuero
759 1439 778 1461 ,
814 1405 873 1456 in
905 1402 1080 1455 vetito
1100 1415 1284 1456 autem
1306 1422 1392 1458 re-

119 1488 359 1564 poni>ne
379 1479 592 1565 semper
606 1483 718 1541 hoc
741 1505 897 1565 agam
921 1520 938 1544 ,
980 1486 1039 1538 δε
1058 1480 1168 1540 hoc
1193 1506 1390 1548 unum,

121 1572 181 1624 ὃ(
219 1566 425 1645 ubique
446 1608 459 1619 .
495 1572 809 1626 Mercatura
831 1565 1080 1625 laudatur
1102 1590 1222 1646 quae
1256 1589 1392 1649 pro·

122 1649 412 1709 feffionem
447 1649 589 1710 hanc
628 1675 792 1711 unam
829 1648 1079 1732 agnoscit
1107 1690 1124 1713 ,
1161 1671 1396 1734 propter

122 1734 418 1794 utilitatem
434 1739 773 1795 nimirum-2.
821 1738 943 1794 Cur
973 1755 1102 1792 cum
1134 1756 1252 1793 non
1282 1742 1391 1795 mi-

119 1841 228 1879 nor
247 1817 314 1875 sit
340 1816 572 1877 foenoris
608 1820 815 1879 utilitas
836 1840 967 1877 cum
985 1817 1162 1875 modo
1180 1824 1394 1902 agitati,

125 1900 390 1987 profeffio
425 1908 540 1961 eius
575 1905 878 1987 impeditur
914 1941 932 1964 ,
971 1906 1030 1960 &
1060 1904 1401 1985 propudiosa

122 1985 499 2069 probrosaque
515 1988 738 2047 ducitur
757 2000 773 2043 ἓ
820 1992 912 2046 An
933 1993 1006 2044 ita
1023 1988 1393 2054 existimant-³,

126 2070 283 2131 sacrae
319 2070 596 2155 scripturae
629 2076 959 2132 auctoritate
992 2072 1217 2130 adducti
1255 2084 1271 2128 ?
1335 2078 1394 2134 Si

126 2155 340 2217 usuram
357 2174 612 2238 putamus
632 2155 701 2215 ab
719 2180 780 2216 ea
801 2179 917 2214 non
934 2153 1247 2237 prohiberi,
1271 2158 1394 2240 pla-

127 2264 262 2300 num
280 2243 373 2304 est,
393 2239 606 2300 nullam
630 2240 732 2299 effe
748 2239 1093 2325 prohibitam
1109 2239 1209 2298 nisi
1230 2264 1399 2322 quam

125 2327 277 2407 leges
299 2323 548 2409 politicae
567 2343 773 2384 vetant.
819 2331 897 2385 At
913 2323 1063 2406 leges
1083 2324 1276 2383 civiles
1299 2350 1397 2385 ve-

129 2408 308 2470 terum
330 2451 348 2475 ‚
389 2414 569 2467 immo
589 2413 651 2466 &
670 2432 790 2490 quae
806 2431 869 2469 ex
887 2397 1004 2468 iure
1027 2415 1281 2492 gentium
1298 2412 1396 2471 de-

129 2491 415 2579 scendunt,
436 2517 554 2555 non
579 2491 751 2554 solam
773 2499 1118 2578 privatorum
1135 2491 1400 2555 usuram„

306 2577 308 2581 ⁴
1299 2580 1397 2639 ad-
