1752 2819
413 82 533 131 106⁷
743 74 869 128 CL.
925 72 1363 126 SALMAsrr

404 175 493 214 tur
526 159 845 237 proximus,
885 171 947 207 ac
969 148 1062 206 suo
1086 149 1372 229 spolietur.
1419 152 1648 234 Abigei,

402 259 645 320 raptores
662 275 679 299 ‚
706 233 1082 313 sepulcrorum
1099 233 1398 292 violatores
1420 272 1438 296 ,
1476 243 1654 317 parie-

402 341 520 379 tum
536 316 863 400 perfossores
886 355 905 377 ‚
942 314 1270 374 debitorum·
1291 315 1651 384 inficiatores,

402 401 631 483 depofiti
654 400 1010 480 abnegatores
1049 437 1065 464 ‚
1108 405 1166 456 δε
1194 401 1251 456 id
1272 422 1443 481 genus
1464 424 1656 465 ,omne

399 485 738 542 fraudatores
773 523 792 545 ,
833 505 936 562 pro
977 481 1190 540 furibus
1227 487 1293 540 ad
1324 483 1465 539 illud
1497 489 1649 543 ousta*

399 590 528 626 vum
547 585 884 647 praeceptum
904 565 1178 645 Deealogi
1196 571 1491 644 pertinent.
1519 567 1651 625 Pos-

397 648 510 707 sent
535 656 595 707 <Sc
615 650 715 708 hac
742 655 951 707 ratione
968 649 1142 706 videri
1188 653 1246 704 in
1265 651 1510 707 eamdem
1528 648 1647 730 spe-

396 739 538 790 ciem
563 735 753 790 cadere
793 731 958 790 usurae
998 733 1135 789 iusto
1173 731 1505 812 &legitimo
1526 755 1651 791 mo-

395 817 469 872 do
510 817 806 895 ampliores
823 837 952 892 quas
979 813 1278 871 foenerator
1310 820 1533 896 accipit.
1582 822 1651 874 Et

397 899 507 956 hoc
533 917 680 956 certe
715 920 927 958 verum,
950 896 1045 954 ubi
1068 897 1154 952 lex
1199 899 1429 954 modum
1470 896 1654 978 posuit

399 981 593 1040 usuris.
619 980 791 1042 Usura
823 981 943 1060 lege
978 978 1228 1060 permiffa
1248 978 1401 1037 furtt‘i
1418 1003 1533 1037 non
1555 984 1648 1044 est,

394 1066 519 1145 lege
539 1070 707 1121 vetita
727 1086 829 1145 pro
849 1063 998 1120 furto
1014 1062 1201 1120 haberi
1221 1061 1402 1119 debet.
1477 1068 1662 1121 Caste-

396 1153 460 1204 τι]
500 1146 593 1203 ubi
612 1148 794 1205 nullus
815 1146 1014 1202 modus
1038 1144 1208 1203 usuris
1224 1147 1653 1204 cle-terminatus

391 1228 583 1287 estnifi
619 1253 680 1287 ex
699 1229 1147 1287 contrahentium
1180 1229 1498 1290 voluntate,
1535 1230 1644 1287 illae

396 1311 792 1391 simpliciter&
832 1311 1075 1369 absolute
1107 1309 1372 1390 permiffae
1409 1310 1651 1370 debent*

393 1395 631 1474 intelligi
653 1397 849 1452 eodem
868 1392 1087 1474 prorsus
1105 1396 1280 1451 modo
1304 1415 1417 1472 quo
1438 1414 1649 1453 merca-

394 1483 504 1535 tori
538 1478 670 1535 licet
709 1483 950 1558 pretium
987 1477 1144 1555 quod
1187 1478 1320 1534 velit
1350 1474 1449 1534 suae
1482 1484 1656 1535 merci

390 1583 674 1642 ponere).
741 1564 800 1617 Si
823 1567 945 1637 quis
967 1576 1153 1617 tamen
1186 1564 1351 1616 nimis
1385 1560 1526 1618 illud
1542 1566 1652 1616 im-

389 1641 555 1724 pense
571 1665 832 1722 magnum
855 1643 1065 1723 flagitet
1082 1686 1098 1708 ,
1119 1642 1443 1700 charitatem
1461 1640 1645 1701 offen-

393 1728 476 1783 dit
493 1764 512 1786 >
551 1743 609 1784 ut
631 1731 689 1782 &
706 1725 801 1782 ille
826 1723 1126 1783 foenerator
1146 1731 1242 1804 qui
1279 1724 1522 1783 abutitur
1555 1749 1651 1783 ne—

395 1807 518 1865 ceffi
529 1827 635 1866 tate
671 1813 915 1889 proximi
962 1814 1019 1864 in
1066 1807 1427 1888 amplioribus
1477 1807 1646 1868 usuris

392 1894 673 1971 exigendis
702 1890 796 1948 ubi
835 1910 1060 1968 quantas
1101 1891 1240 1949 libet
1258 1896 1475 1972 exigere
1492 1891 1650 1948 licet.

393 1978 442 2034 C
453 1992 676 2031 aeterum
694 1975 845 2052 quod
861 1991 1088 2053 uterque
1106 1973 1259 2036 facit,
1271 1996 1387 2032 non
1407 1976 1656 2038 vindica-

393 2076 479 2114 tur
504 2056 739 2137 legibus.
788 2056 959 2115 Aliud
1008 2059 1079 2114 est
1111 2063 1170 2114 in
1205 2056 1359 2114 furto
1379 2060 1534 2137 quod
1563 2058 1653 2116 vel

390 2145 620 2211 minime
640 2162 699 2197 ac
723 2139 973 2211 viliffimeg
987 2146 1061 2198 rei
1083 2146 1226 2199 inter
1245 2140 1448 2199 illicita
1464 2142 1656 2198 est.De

392 2224 566 2281 altero
584 2245 728 2281 nunc
752 2223 843 2279 me
853 2223 952 2279 bro
990 2224 1303 2283 disiunstivi
1321 2225 1621 2282 Dialestici
1631 2263 1649 2287 ,

391 2307 840 2387 quoTheologus
863 2302 1102 2364 fiimm'us
1122 2305 1242 2365 usus
1274 2309 1443 2386 est2an
1468 2312 1654 2387 priore

394 2389 456 2446 fit
474 2396 676 2453 verius,
697 2391 1022 2448 videndum.
1036 2390 1350 2460 Velfittendic',
1364 2411 1452 2445 non
1469 2389 1657 2465 obstan-

393 2486 441 2529 te
474 2472 585 2549 legv's
602 2473 774 2543 sibilis
797 2473 1090 2550 permiffione
1108 2512 1125 2540 ‚
1168 2487 1259 2530 aut
1290 2471 1648 2541 conficetudine,

790 2569 791 2573 ’
1501 2555 1654 2621 sicum
