1700 2819
145 52 241 90 nn
279 34 461 90 TRA
494 50 628 88 ΒΕΖ
661 51 767 87 ιτ.
809 33 1184 89 ΡωΝοκε.
1235 42 1341 109 651

87 133 172 177 tet
191 153 209 177 ,
235 120 368 194 quia
388 115 600 196 largior
620 119 679 171 &
701 111 938 171 solidior
959 135 1075 170 non
1096 117 1182 175 illi
1211 139 1359 176 con-

85 204 240 258 venit
264 237 279 263 ‚
316 197 406 254 sed
425 199 563 255 levis
584 203 642 254 ὃς
663 203 915 279 exiguus.
968 203 1048 255 Ita
1066 220 1201 281 ergo
1221 206 1354 258 ino-

86 303 183 363 pes
202 288 299 360 qui
321 302 521 362 magna
545 278 755 339 summa
775 298 1156 362 gravarentur,
1187 289 1359 342 etiam

80 371 221 430 citra
238 362 421 422 usuras
455 362 490 420 si
511 386 630 423 eam
651 361 927 422 sumerent
947 384 1163 427 mutuo,
1189 389 1361 447 parva

83 446 421 506 iuvabuntur
441 453 608 505 etiam
629 469 756 505 cum
774 446 972 510 usuris,
997 446 1034 504 si
1054 454 1230 530 copiae
1251 448 1355 510 suae

51 567 56 571 -
83 553 145 589 ac
174 529 330 588 cesui
351 535 602 610 congrui
629 531 805 589 velint
827 538 1099 611 accipere.
1136 536 1228 591 Sic
1245 538 1358 614 igi‘

0 658 1 665 κ
82 632 172 672 tur
185 615 553 675 statuendum,
577 619 899 693 quicunque
931 613 1218 673 fraudandi
1239 621 1360 675 ani·

86 719 243 754 mum
270 719 387 755 non
412 696 578 755 habet
609 736 627 760 ,
650 695 850 754 debere
889 714 1140 763 mutuum
1158 717 1353 780 petere

86 781 241 860 quod
278 781 507 839 reddere
533 779 762 862 poffitffi
807 784 868 838 Si
886 798 1140 845 mutuum
1167 787 1354 862 petit-⁴

83 885 190 943 pro
228 861 334 922 suis
364 862 718 927 facultatibus
742 902 759 925 ,
787 882 935 921 certe
955 869 1013 921 δέ
1032 861 1192 933 usura
1222 868 1355 937 inde

85 968 203 1004 non
225 952 407 1004 maior
429 947 601 1007 exibit
619 968 784 1025 quam
812 968 918 1026 pro
954 953 1135 1005 mutui
1172 971 1351 1027 quan-

87 1033 266 1090 titate.
286 1034 365 1088 At
384 1032 552 1088 talem
575 1052 727 1109 aeque
745 1027 910 1086 facile
944 1052 1155 1111 pauper
1174 1050 1347 1111 pote-

85 1117 160 1169 rit
177 1135 306 1170 cum
326 1111 471 1171 sorte
491 1111 725 1176 solvere,
749 1130 915 1190 atque
936 1113 1074 1169 alius
1095 1113 1350 1196 locuples

86 1201 183 1275 qui
211 1194 464 1257 similiter
484 1195 580 1253 fibi
602 1200 1040 1254 convenientem
1080 1194 1355 1267 summam

85 1300 216 1339 cum
235 1277 698 1360 respondentibus
746 1276 842 1334 fibi
859 1275 1354 1341 usur-ismutuam

84 1367 367 1441 requiret,
395 1360 431 1418 sl
451 1363 673 1441 quando
697 1383 758 1419 ea
787 1359 1031 1441 egebit-2
1084 1367 1355 1422 Mutuum

84 1467 220 1524 ergo
240 1463 431 1524 petens
452 1466 660 1523 pauper
683 1440 733 1500 se
756 1449 1038 1507 metiatur,
1053 1451 1113 1502 ἂν
1135 1468 1198 1503 ex
1219 1469 1350 1505 mo-

86 1526 340 1585 dulosuo
375 1529 431 1584 id
456 1547 686 1608 petens,
727 1533 892 1584 etiam
927 1550 989 1584 ex
1025 1529 1121 1586 tali
1147 1549 1351 1589 mutuo

86 1632 193 1690 pro
232 1617 607 1691 proportione
635 1607 981 1691 exsurgentes
1013 1609 1196 1670 usuras
1237 1611 1346 1671 sol-

87 1715 216 1756 vere
236 1715 353 1750 non
379 1698 704 1774 critimpos.
734 1699 846 1768 Qi
877 1691 1129 1757 fraudare
1159 1697 1344 1765 vult-‘‚

90 1794 202 1834 tam
242 1797 452 1856 pauper
484 1799 653 1855 quam
687 1776 940 1856 locuples
971 1814 986 1840 ‚
1012 1778 1078 1835 ad
1123 1799 1242 1837 eam
1273 1779 1356 1840 la·

92 1857 218 1920 bern
243 1857 294 1916 se
318 1857 514 1940 sponte
535 1856 622 1921 sua
641 1860 922 1940 redigunt,
952 1877 1011 1915 ut
1043 1881 1113 1917 ne
1149 1879 1351 1922 mutuo

92 1940 266 2020 quide
290 1943 574 1999 reddendo
593 1940 703 1999 sine
720 1941 875 2000 usura
890 1964 1044 2024 pares
1082 1942 1186 2001 effe
1215 1944 1347 2026 pos-

86 2023 292 2090 fint,dt‘1
310 2026 557 2103 undique
573 2043 826 2104 quaerunt
846 2028 1000 2104 quod
1021 2023 1332 2092 absumant,
1370 2068 1374 2071 -

90 2111 151 2164 ἅτ
172 2114 414 2166 maiores
447 2104 551 2169 suis
573 2114 754 2189 copiis
772 2105 1029 2170 summas,
1042 2107 1353 2190 pluresve„-

89 2211 257 2268 quam
292 2189 499 2270 poffint
515 2191 742 2248 reddere
765 2230 783 2254 ,
806 2197 1165 2273 :accipiunt-2
1215 2197 1352 2252 Hoc

88 2277 260 2354 igitur
278 2290 459 2329 totum
478 2279 678 2354 partim
698 2296 759 2332 ex
778 2275 1068 2333 voluntate
1091 2293 1350 2335 mutuum

91 2361 460 2435 quaerentium
483 2358 691 2437 pendet
713 2397 729 2419 ,
740 2363 945 2438 partim
979 2363 1142 2417 etiam
1167 2380 1232 2416 cx
1261 2361 1349 2418 frei

87 2437 526 2518 possibilitate-2.
607 2446 720 2517 Qi
759 2459 1016 2499 mutuum
1053 2447 1351 2521 petit‚cur

680 2522 683 2524 ’
763 2553 766 2562 =
864 2525 867 2528 ’
1266 2524 1351 2582 illi

337 2667 359 2677 t
