1700 2819
165 106 259 145 nh
305 89 776 145 TRAPEzir.
825 86 1200 147 FoeNoRE.
1252 95 1360 165 363

97 175 338 229 mutatio
375 181 392 223 ἓ
437 167 802 228 Transfertur
852 174 1001 227 enim
1047 171 1371 230 dominium

96 260 350 337 pecuniae
369 257 711 312 mutuaticiae
748 252 816 310 ad
840 251 1106 311 debitori}
1126 271 1188 312 ut
1208 277 1269 314 ea
1288 265 1374 315 uti

94 338 206 397 frui
225 336 419 420 poffit2
443 338 648 396 deinde
682 339 808 419 post
826 339 1193 420 praestitutum
1224 357 1372 399 tem-

99 445 203 506 pus
225 446 286 481 ea
315 424 463 480 redit
506 423 577 482 ad
605 422 929 481 dominum.
994 432 1134 500 Qae
1167 424 1372 506 duplex

93 511 465 589 permutatio,
490 524 552 564 ut
571 527 702 565 vere
735 508 865 564 inde
888 524 1148 565 mutuum
1185 508 1214 565 Ξι
1242 530 1369 566 mu·

96 592 271 650 tando
324 613 539 648 nomen
600 588 869 648 invenisse
901 591 1082 649 videri
1133 609 1362 671 queat-‘-

96 672 422 734 Transferri
443 676 768 732 dominium
801 677 867 732 ad
888 691 1107 756 tempus
1145 680 1223 732 rei
1244 698 1369 739 mu

98 776 199 816 tuo
221 759 694 821 datae‚docentilli
717 764 816 838 qui
835 775 1094 816 mutuum
1112 760 1245 816 inde
1283 762 1373 817 di·-

97 845 251 901 stum
271 861 560 901 autumant
598 882 616 904 ,
675 843 834 920 quod
876 840 968 900 fiat
1003 844 1058 900 de
1075 864 1178 898 meo
1212 857 1371 902 tuum.

102 929 164 984 Si
190 928 258 983 de
291 944 493 985 mutuo
531 931 778 1007 gratuito
830 924 987 985 fateri
1022 925 1238 985 neceffe
1273 927 1375 986 ha-

97 1007 253 1071 bent,
284 1013 640 1068 contradtum
661 1009 765 1069 effe
790 1011 1231 1074 commutativii,
1257 1032 1374 1091 quo

95 1093 295 1151 colore
316 1094 376 1150 id
394 1096 462 1151 de
480 1112 679 1152 mutuo
707 1093 971 1157 foenebri,
992 1093 1106 1153 hoc
1125 1096 1374 1157 est2con-

97 1181 274 1236 traetu
299 1175 899 1261 ufiiraliomegabitur.
889 1191 904 1217 ³
929 1182 1021 1237 An
1047 1174 1225 1240 usura,
1254 1202 1380 1259 quae

96 1259 333 1320 acceffio
356 1264 448 1323 est,
455 1228 805 1321 substantiam
826 1268 1009 1321 mutui
1023 1261 1374 1322 abolefacit‘

97 1365 160 1402 ac
181 1346 393 1426 perdit,
415 1364 508 1403 aut
524 1350 603 1404 ita
620 1351 885 1404 immutat
905 1364 967 1403 ut
994 1367 1058 1404 ex
1075 1349 1377 1404 contrastu

96 1435 513 1488 commutativo
550 1435 611 1487 in
655 1429 820 1488 aliam
857 1446 1106 1488 naturam
1129 1451 1375 1489 conver-

101 1523 270 1570 tatur?
297 1518 564 1572 Mutuum
582 1520 727 1570 inter
750 1535 837 1571 eas
870 1511 1250 1595 obligationes
1283 1535 1373 1571 re-

93 1601 235 1676 poni
263 1619 385 1677 qua:
410 1619 471 1654 ex
491 1600 784 1656 cona-aeta
803 1595 1101 1655 nascuntur
1129 1637 1148 1660 ,
1176 1602 1236 1655 &
1259 1595 1366 1655 ob‘·

94 1680 428 1762 ligationem
465 1679 567 1739 esse
584 1703 704 1760 quae
727 1702 785 1738 re
807 1681 1173 1740 contrahatur
1191 1721 1208 1745 ,
1266 1705 1375 1740 no-

98 1780 219 1822 tum
244 1766 335 1822 est.
381 1768 565 1824 Cuius
585 1769 803 1846 generis
822 1767 893 1822 est
914 1767 1368 1829 commodatum,

95 1847 651 1928 depofitum‚&alia.
706 1854 787 1906 Ut
827 1850 1258 1908 commodatum
1277 1847 1363 1913 fit,

94 1930 265 1990 debet
289 1930 393 1990 effe
415 1937 788 2014 gratuitum-2
846 1936 905 1991 Si
925 1955 1042 1992 non
1068 1932 1157 1996 sit,
1186 1931 1377 1993 transit

95 2021 156 2075 in
179 2016 332 2075 aliud
345 2038 625 2077 nomem„
669 2021 761 2074 De
781 2035 977 2076 mutuo
1002 2016 1148 2075 nihil
1163 2018 1378 2076 neceffe

103 2100 197 2158 est.
256 2103 409 2159 Nam
430 2119 690 2160 mutuum
707 2099 962 2159 foenebre
982 2119 1103 2160 tum
1137 2103 1370 2163 dicitur,

98 2188 356 2263 quamvis
391 2201 522 2242 tunc
571 2183 802 2243 fimilius
839 2183 904 2245 fit
927 2185 1206 2244 locationi
1228 2225 1247 2249 >
1285 2191 1372 2247 &2

98 2287 229 2325 cum
250 2274 560 2349 gratuitum
592 2270 685 2333 est,
708 2273 1185 2329 commodationi.
1263 2269 1377 2328 Sed

97 2372 203 2408 nec
225 2351 367 2411 illud
387 2352 583 2416 obstat,
589 2356 741 2433 quod
756 2373 1017 2413 mutuum
1035 2352 1218 2436 ipsum
1258 2375 1373 2421 [Q

98 2435 498 2508 contrahitur,
544 2436 712 2498 usurae
739 2462 858 2497 non
887 2438 1048 2497 aliter
1067 2438 1378 2498 debentuto

35 2520 39 2533 ²
98 2522 219 2578 iure
234 2524 504 2582 Romano
527 2521 672 2581 nifi
658 2547 714 2582 in
741 2523 1155 2605 stipulationem
1194 2523 1372 2582 dedu-

1250 2609 1372 2667 ἁτε,
